@BOOK{aigner:zahlentheorie,
    AUTHOR = {Aigner, Alexander},
    TITLE = {Zahlentheorie ({N}umber {T}heory)},
    PUBLISHER = {de Gruyter},
    ADDRESS = {Berlin}}
@BOOK{aigner:diskret,
    AUTHOR = {Aigner, Martin},
    TITLE = {Diskrete Mathematik ({D}iscrete {M}athematics)},
    PUBLISHER = {Vieweg Verlag},
    ADDRESS = {Braunschweig/Wiesbaden},
    YEAR = {1993}}
@ARTICLE{ajdukiewicz:konnexitaet, 
    AUTHOR = {Ajdukiewicz, Kazimierz}, 
    TITLE = {Die syntaktische {K}onnexit\"at}, 
    JOURNAL = {Studia Philosophica}, 
    VOLUME = {1}, 
    YEAR = {1936}, 
    PAGES = {1 -- 27}}
@BOOK{anderson:amorphous,
    AUTHOR = {Anderson, S.},
    TITLE = {A--morphous Morphology},
    PUBLISHER = {Cambridge University Press},
    ADDRESS = {Cambridge},
    YEAR = {1992}}
@BOOK{asser:logik, 
	AUTHOR = {Asser, G\"unter},
	TITLE = {Einf\"uhrung in die mathematische {L}ogik. ({I}ntroduction 
		to {M}athematical {L}ogic)}, 
	VOLUME = {I -- III}, 
	PUBLISHER = {Teubner Verlag}, 
	ADDRESS = {Leipzig}, 
	YEAR = {1981}}
@INCOLLECTION{austin:suffixaufnahme,
    AUTHOR = {Austin, Peter},
    TITLE = {{D}ouble {C}ase {M}arking in {K}anyara and
        {M}antharta {L}anguages, {W}est {A}ustralia},
    EDITOR = {Plank, Frans},
    BOOKTITLE = {Double Case. Agreement by Suffixaufnahme},
    PUBLISHER = {Oxford University Press},
    YEAR = {1995},
    PAGES = {363 -- 379}}
@ARTICLE{bach:conventional,
    AUTHOR = {Bach, Kent},
    TITLE = {The {M}yth of {C}onventional {I}mplicature},
    JOURNAL = {Linguistics and Philosophy},
    VOLUME = {22},
    YEAR = {1999},
    PAGES = {327 -- 366}}
@BOOK{barendregt:lambda,
    AUTHOR = {Barendregt, Henk},
    TITLE = {The Lambda Calculus. Its Syntax and Semantics},
    SERIES = {Studies in Logic},
    NUMBER = {103},
    PUBLISHER = {Elsevier},
    ADDRESS = {Amsterdam},
    EDITION = {2},
    YEAR = {1985}}
@ARTICLE{barkerpullum:command,
        AUTHOR = {Barker, Chris AND Pullum, Geoffrey},
        TITLE = {A theory of Command Relations},
        JOURNAL = "Linguistics and Philosophy",
        VOLUME = "13",
        YEAR = "1990",
        PAGES = {1--34}}
@BOOK{bauer:latin, 
    AUTHOR = {Bauer, Brigitte L.~M.}, 
    TITLE = {The {E}mergence and {D}evelopment of {SVO} {P}atterning 
		in {L}atin and {F}rench}, 
    PUBLISHER = {Oxford University Press}, 
    ADDRESS = {Oxford}, 
    YEAR = {1995}}
@PHDTHESIS{beaver:presupposition,
    AUTHOR = {Beaver, David},
    TITLE = {Presupposition and assertion in dynamic semantics},
    SCHOOL = {University of Edinburgh},
    YEAR = {1995}}
@ARTICLE{birdellison:onelevel,
    AUTHOR = {Bird, Steven AND Ellison, Mark},
    TITLE = {One--level phonology: {A}utosegmental representations
        and rules as finite automata},
    JOURNAL = {Computational Linguistics},
    VOLUME = {20},
    YEAR = {1994},
    PAGES = {55 -- 90}}
@INCOLLECTION{blackburn:avstructures,
        AUTHOR = {Blackburn, Patrick},
        TITLE = {Modal Logic and Attribute Value Structures},
        BOOKTITLE = {Diamonds and Defaults},
        EDITOR = {de Rijke, Maarten},
        PUBLISHER = {Kluwer},
        YEAR = {1993},
    PAGES = {19 -- 65},
        SERIES = {Synthese No. 229}}
@INPROCEEDINGS{blackburn:talking,
        AUTHOR = {Blackburn, Patrick AND Gardent, Claire AND
                Meyer-Viol, Wilfried},
        TITLE = {Talking about Trees},
        BOOKTITLE = {Proceedings of the $6^{th}$ Conference
                of the EACL},
        YEAR = {1993}}
@ARTICLE{blokpigozzi:algebraizable,
    AUTHOR = {Blok, Wim J. AND Pigozzi, Don J.},
    TITLE = {Algebraizable Logics},
    JOURNAL = {Memoirs of the Americal Mathematical Society},
    VOLUME = {77},
    NUMBER = {396},
    YEAR = {1990}}
@ARTICLE{bochvar:three,
    AUTHOR = {Bochvar, D.~A.},
    TITLE = {On a three--valued logical calculus and its application
        to the analysis of contradictions},
    JOURNAL = {Mathematicheskii Sbornik},
        VOLUME = {4},
    YEAR = {1938},
    PAGES = {287 -- 308}}
@INCOLLECTION{boeder:suffixaufnahme,
    AUTHOR = {Boeder, Winfried},
    TITLE = {Suffixaufnahme in {K}artvelian},
    EDITOR = {Plank, Frans},
    BOOKTITLE = {Double Case. Agreement by Suffixaufnahme},
    PUBLISHER = {Oxford University Press},
    YEAR = {1995},
    PAGES = {151 -- 215}}
@BOOK{boettnerthuemmel:free, 
    EDITOR = {B\"ottner, Michael AND Th\"ummel, Wolf}, 
    TITLE = {Variable--free {S}emantics}, 
    SERIES = {Artikulation und Sprache}, 
    VOLUME = {3}, 
    PUBLISHER = {secolo Verlag}, 
    ADDRESS = {Osnabr\"uck},
    YEAR = {2000}}
@ARTICLE{book:complexity,
    AUTHOR = {Book, Ronald W.},
    TITLE = {On the complexity of formal grammars},
    JOURNAL = {Acta Informatica},
    VOLUME = {9},
    YEAR = {1978},
    PAGES = {171 -- 182}}
@INCOLLECTION{bresnanetal:dutch,
    AUTHOR = {Bresnan, Joan AND Kaplan, Ronald M. AND Peters,
        Stanley AND Zaenen, Annie},
    TITLE = {Cross--{S}erial {D}ependencies in {D}utch},
    BOOKTITLE = {The {F}ormal {C}omplexity of {N}atural {L}anguage},
    EDITOR = {Savitch, Walter AND Bach, Emmon AND Marsch,
        William AND Safran--Naveh, Gila},
    PUBLISHER = {Reidel},
    ADDRESS = {Dordrecht},
    YEAR = {1987},
    PAGES = {286 -- 319}}
@ARTICLE{buechi:weak,
    AUTHOR = {B\"uchi, J.},
    TITLE = {Weak second--order arithmetic and finite automata},
    JOURNAL = {Zeitschrift f\"ur Mathematische Logik und
        Grundlagen der Mathematik},
    VOLUME = {6},
    YEAR = {1960},
    PAGES = {66 -- 92}}
@BOOK{burmeister:partial, 
	AUTHOR = {Burmeister, Peter}, 
	TITLE = {A {M}odel {T}heoretic {O}riented {A}pproach to 
		{P}artial {A}lgebras}, 
	PUBLISHER = {Akademie Verlag}, 
	ADDRESS = {Berlin}, 
	YEAR = {1986}}
@UNPUBLISHED{burmeister:lecturenotes, 
	AUTHOR = {Burmeister, Peter}, 
	TITLE = {{L}ecture {N}otes on {U}niversal {A}lgebra.
		{M}any {S}orted {P}artial {A}lgebras}, 
	NOTE = {Manuscript available via internet}, 
	YEAR = {2002}}
@BOOK{burris,
        AUTHOR = {Burris, Stanley AND Sankappanavar, H. P.},
        TITLE = {A Course in Universal Algebra},
        PUBLISHER = {Springer},
        SERIES = {Graduate Texts in Mathematics},
        NUMBER = {78},
        YEAR = {1981}}
@BOOK{bussman:lexikon,
    AUTHOR = {Bu{\ss}mann, Hadumod},
    TITLE = {{L}exikon der {S}prachwissenschaft. ({L}exicon of {L}inguistics)},
    PUBLISHER = {Kr\"{o}ner},
    SERIES = {Kr\"{o}ners Taschenausgabe},
    NUMBER = {452},
    ADDRESS = {Stuttgart},
    EDITION = {2},
    YEAR = {1990}}
@INCOLLECTION{buszkowski:proof,
    AUTHOR = {Buszkowski, Wojciech},
    TITLE = {Mathematical linguistics and proof theory},
    EDITOR = {van Benthem, Johan AND ter Meulen, Alice},
    BOOKTITLE = {Handbook of Logic and Language},
    PUBLISHER = {Elsevier},
    ADDRESS = {Amsterdam},
    YEAR = {1997},
    PAGES = {683 -- 736}}
@ARTICLE{calcagno:sign,
    AUTHOR = {Calcagno, Mike},
    TITLE = {A {S}ign--{B}ased {E}xtension to the {L}ambek
        {C}alculus for {D}iscontinuous {C}onstituents},
    JOURNAL = {Bulletin of the IGPL},
    VOLUME = {3},
    YEAR = {1995},
    PAGES = {555 -- 578}}
@BOOK{carnap:necessity,
    AUTHOR = {Carnap, Rudolf},
    TITLE = {Meaning and {N}ecessity},
    PUBLISHER = {The University of Chicago Press},
    ADDRESS = {Chicago},
    YEAR = {1947}}
@BOOK{carpenter:logic,
        AUTHOR = {Carpenter, Bob},
        TITLE = {The Logic of Typed Feature Structures},
        PUBLISHER = {Cambridge University Press},
        SERIES = {Cambridge Tracts in Theoretical Computer
                Science 32},
        YEAR = {1992}}
@ARTICLE{chandraetal:alternation,
    AUTHOR = {Chandra, A. K. AND Kozen, D. C. AND
        Stockmeyer, L. J.},
    TITLE = {Alternation},
    JOURNAL = {Journal of the Association for
        Computing Machinery},
    VOLUME = {28},
    YEAR = {1981},
    PAGES = {114 -- 133}}
@BOOK{changkeisler,
    AUTHOR = {Chang, C. C. AND Keisler, H. Jerome},
    TITLE = {Model Theory},
    PUBLISHER = {North--Holland},
    ADDRESS = {Amsterdam},
    EDITION = {3},
    YEAR = {1990}}
@ARTICLE{chomsky:properties,
    AUTHOR = {Chomsky, Noam},
    TITLE = {On certain formal properties of grammars},
    JOURNAL = {Information and Control},
    VOLUME = {2},
    YEAR = {1959},
    PAGES = {137 -- 167}}
@ARTICLE{chomsky:pushdown,
    AUTHOR = {Chomsky, Noam},
    TITLE = {Context--free grammars and pushdown storage},
    JOURNAL = {MIT Research Laboratory of Electronics Quarterly
        Progress Report},
    VOLUME = {65},
    YEAR = {1962}}
@INCOLLECTION{chomsky:minimalist,
    AUTHOR = {Chomsky, Noam},
        TITLE = {A Minimalist Program for Linguistic Theory},
        BOOKTITLE = {The View from Building 20: Essays in Honour
        of Sylvain Bromberger},
        EDITOR = {Hale, K. AND Keyser S. J.},
        PUBLISHER = {MIT Press},
    PAGES = {1 -- 52},
        YEAR = {1993}}
@INCOLLECTION{chomsky:bare,
    AUTHOR = {Chomsky, Noam},
    TITLE = {{B}are {P}hrase {S}tructure},
    BOOKTITLE = {{G}overnment and {B}inding {T}heory and the
        {M}inimalist {P}rogram},
    EDITOR = {Webelhuth, Gert},
    PUBLISHER  = {Blackwell},
    YEAR = {1995},
    PAGES = {385 -- 439}}
@BOOK{chomsky:categories,
    AUTHOR = {Chomsky, Noam},
    TITLE = {The {M}inimalist {P}rogram},
    PUBLISHER = {MIT Press},
    YEAR = {1995}}
@BOOK{chomsky:lgb,
        AUTHOR = {Chomsky, Noam},
        TITLE = {Lecture Notes on Government and Binding},
        PUBLISHER = {Foris},
        ADDRESS = {Dordrecht},
        YEAR = {1981}}
@BOOK{chomsky:barriers,
        AUTHOR = {Chomsky, Noam},
        TITLE = {Barriers},
        PUBLISHER = {MIT Press},
        YEAR = {1986},
        ADDRESS = {Cambrigde (Mass.)}}
@BOOK{chomskyhalle:spe,
    AUTHOR = {Chomsky, Noam AND Halle, Morris},
    TITLE = {The sound pattern of {E}nglish},
    PUBLISHER = {Harper and Row},
    ADDRESS = {New York},
    YEAR = {1968}}
@ARTICLE{church:foundation,
    AUTHOR = {Church, Alonzo},
    TITLE = {A set of postulates for the foundation of logic},
    JOURNAL = {Annals of Mathematics},
    VOLUME = {2},
    YEAR = {1933},
    PAGES = {346 -- 366}}
@ARTICLE{church:simple, 
	AUTHOR = {Church, Alonzo}, 
	TITLE = {A formulation of the simple theory of types},
	VOLUME = {5},
	JOURNAL = {Journal of Symbolic Logic}, 
	YEAR = {1940}, 
	PAGES = {56 -- 68}}
@BOOK{church:logic, 
	AUTHOR = {Church, Alonzo}, 
	TITLE = {Introduction to mathematical logic}, 
	VOLUME = {I},
	PUBLISHER = {Princeton University Press}, 
	YEAR = {1956}}
@BOOK{coulmas:writing, 
	AUTHOR = {Coulmas, Florian}, 
	TITLE = {Writing Systems. An introduction to their linguistic 
		analysis}, 
	PUBLISHER = {Cambridge University Press}, 
	ADDRESS = {Cambridge}, 
	YEAR = {2003}}
@INCOLLECTION{culy:bambara,
    AUTHOR = {Culy, Christopher},
    TITLE = {The {C}omplexity of the {V}ocabulary of {B}ambara},
    BOOKTITLE = {The {F}ormal {C}omplexity of {N}atural {L}anguage},
    EDITOR = {Savitch, Walter AND Bach, Emmon AND Marsch,
        William AND Safran--Naveh, Gila},
    PUBLISHER = {Reidel},
    ADDRESS = {Dordrecht},
    YEAR = {1987},
    PAGES = {345 -- 351}}
@ARTICLE{curry:grundlagen,
    AUTHOR = {Curry, Haskell B.},
    TITLE = {Grundlagen der kombinatorischen {L}ogik. ({F}oundations of 
	{C}ombinatory {L}ogic)},
    JOURNAL = {American Journal of Mathematics},
    VOLUME = {52},
    YEAR = {1930},
    PAGES = {509 -- 536, 789 -- 834}}
@BOOK{curry:logic, 
    AUTHOR = {Curry, Haskell B.}, 
    TITLE = {Foundations of Mathematical Logic}, 
    PUBLISHER = {Dover Publications}, 
    ADDRESS = {New York}, 
    EDITION = {2}, 
    YEAR = {1977}}
@BOOK{davey,
    AUTHOR = {Davey, B. A. AND Priestley, H. A.},
    TITLE = {Lattices and Order},
    PUBLISHER = {Cambridge University Press},
    ADDRESS = {Cambridge},
    YEAR = {1990}}
@INCOLLECTION{dench:suffixaufnahme,
    AUTHOR = {Dench, Alan},
    TITLE = {Suffixaufnahme and {A}pparent {E}llipsis in
        {M}artuthunira},
    EDITOR = {Plank, Frans},
    BOOKTITLE = {Double Case. Agreement by Suffixaufnahme},
    PUBLISHER = {Oxford University Press},
    YEAR = {1995},
    PAGES = {380 -- 395}}
@ARTICLE{deutschetal:machines, 
    AUTHOR = {Deutsch, David AND Ekert, Artur AND Luppacchini,
    Rossella}, 
    TITLE = {Machines, logic and quantum physics}, 
    JOURNAL = {Bulletin of Symbolic Logic}, 
    VOLUME = {6}, 
    YEAR = {2000},
    PAGES = {265 -- 283}}
@ARTICLE{doner:tree,
    AUTHOR = {Doner, J.~E.},
    TITLE = {Tree acceptors and some of their applications},
    JOURNAL = {Journal of Computer and Systems Sciences},
    VOLUME = {4},
    YEAR = {1970},
    PAGES = {406 -- 451}}
@BOOK{dowtywallpeters,
    AUTHOR = {Dowty, David R. AND Wall, Robert E. AND
        Peters, Stanley},
    TITLE = {Introduction to Montague Semantics},
    SERIES = {Synthese Library},
    NUMBER = {11},
    PUBLISHER = {Reidel},
    ADDRESS = {Dordrecht},
    YEAR = {1981}}
@ARTICLE{dresner:tarski,
    AUTHOR = {Dresner, Eli},
    TITLE = {Tarski's {R}estricted {F}orm and {N}eale's
        {Q}uantificational {T}reatment of {P}roper {N}ames},
    JOURNAL = {Linguistics and Philosophy},
    VOLUME = {24},
    YEAR = {2001},
    PAGES = {405 -- 415}}
@ARTICLE{dresner:holism,
    AUTHOR = {Dresner, Eli},
    TITLE = {Holism, {L}anguage {A}cquisition, and {A}lgebraic {L}ogic},
    JOURNAL = {Linguistics and Philosophy},
    VOLUME = {25},
    YEAR = {2002},
    PAGES = {419 -- 452}}
@INPROCEEDINGS{dymetman:reversible, 
    AUTHOR = {Dymetman, Marc},
    TITLE = {Inherently reversible grammars, logic programming 
	and computability}, 
    BOOKTITLE = {Proceedings of the ACL Workshop: Reversible Grammars 
	in Natural Language Processing},
    YEAR = {1991}} 
@PHDTHESIS{dymetman:thesis, 
    AUTHOR = {Dymetman, Marc},
    TITLE = {Transformations de Grammaires Logiques et R\'eversibilit\'e. 
	(Transformations of Logical Grammars and Reversibility)},
    SCHOOL = {Universit\'e Joseph Fourier, Grenoble},
    YEAR = {1992}} 
@INPROCEEDINGS{ebertkracht,
    AUTHOR = {Ebert, Christian AND Kracht, Marcus},
    TITLE = {Formal Syntax and Semantics of Case Stacking
        Languages},
    BOOKTITLE = {Proceedings of the EACL 2000},
    YEAR = {2000}}
@BOOK{ebbinghausflum:finite,
    AUTHOR = {Ebbinghaus, Hans--Dieter AND Flum, J\"org},
    TITLE = {Finite {M}odel {T}heory},
    PUBLISHER = {Springer},
    SERIES = {Perspectives in Mathematical Logic},
    YEAR = {1995}}
@INCOLLECTION{vaneijckkamp:drt,
    AUTHOR = {van Eijck, Jan AND Kamp, Hans},
    TITLE = {Re\-pre\-sent\-ing discourse in context},
    EDITOR = {van Benthem, Johan AND ter Meulen, Alice},
    BOOKTITLE = {Handbook of Logic and Language},
    PUBLISHER = {Elsevier},
    ADDRESS = {Amsterdam},
    YEAR = {1997},
    PAGES = {179 -- 237}}
@ARTICLE{vaneijck:presupposition,
    AUTHOR = {van Eijck, Jan},
    TITLE = {Presupposition failure: a comedy of errors},
    JOURNAL = {Formal Aspects of Computing},
    VOLUME = {3},
    YEAR = {1994}}
@ARTICLE{eisenberg:identity,
    AUTHOR = {Eisenberg, Peter},
    TITLE = {A {N}ote on `{I}dentity of {C}onstituents'},
    JOURNAL = {Linguistic Inquiry},
    VOLUME = {4},
    YEAR = {1973},
    PAGES = {417 -- 420}}
@INCOLLECTION{evans:suffixaufnahme,
    AUTHOR = {Evans, Nick},
    TITLE = {{M}ultiple {C}ase in {K}ayardild: {A}nti--iconic
        {S}uffix {O}rdering and the {D}iachronic {F}ilter},
    EDITOR = {Plank, Frans},
    BOOKTITLE = {Double Case. Agreement by Suffixaufnahme},
    PUBLISHER = {Oxford University Press},
    YEAR = {1995},
    PAGES = {396 -- 428}}
@BOOK{evans:kayardild,
    AUTHOR = {Evans, Nicholas D.},
    TITLE = {A Grammar of Kayardild. With Historical--Comparative
        Notes on Tangkic},
    PUBLISHER = {Mouton de Gruyter},
    ADDRESS = {Berlin},
    YEAR = {1995}}
@BOOK{ewenvanderhulst:phonology, 
    AUTHOR = {Ewen, Colin J. AND van der Hulst, Harry}, 
    TITLE = {The Phonological Structure of Words}, 
    PUBLISHER = {Cambridge University Press}, 
    ADDRESS = {Cambridge}, 
    YEAR = {2001}}
@INPROCEEDINGS{fagin:spectra,
    AUTHOR = {Fagin, Ronald},
    TITLE = {Generalized first--order spectra and polynomial--time
        recognizable sets},
    BOOKTITLE = {Complexity of Computation, SIAM--AMS
        Proceedings},
    VOLUME = {7},
    EDITOR = {Karp, R. M.},
    YEAR = {1974},
    PAGES = {43 -- 73}}
@ARTICLE{ferreiros:road, 
	AUTHOR = {Ferreir\'os, Jos\'e}, 
	TITLE = {The road to modern logic --- an interpretation}, 
	JOURNAL = {The Bulletin of Symbolic Logic}, 
	VOLUME = {7}, 
	YEAR = {2001}, 
	PAGES = {441 -- 484}}
@BOOK{fiengomay:indices,
    AUTHOR = {Fiengo, Robert AND May, Robert},
    TITLE = {Indices and Identity},
    SERIES = {Linguistic Inquiry Monographs},
    NUMBER = {24},
    PUBLISHER = {MIT Press},
    ADDRESS = {Cambridge, Massachussetts},
    YEAR = {1994}}
@UNPUBLISHED{fine:transparency,
    AUTHOR = {Fine, Kit},
    TITLE = {Transparency, {P}art {I}: {R}eduction},
    YEAR = {1992},
    NOTE = {Unpublished manuscript, UCLA}}
        VOLUME = {18},
        YEAR = {1979},
        PAGES = {194 -- 211}}
@ARTICLE{fischerladner,
        AUTHOR = {Fischer, M. J. AND Ladner, R. E.},
        TITLE = {Propositional dynamic logic of regular
                programs},
        JOURNAL = {Journal of Computer and System Sciences},
        VOLUME = {18},
        YEAR = {1979},
        PAGES = {194 -- 211}}
@BOOK{fitting:recursion, 
    AUTHOR = {Fitting, Melvin C.}, 
    TITLE = {Fundamentals of generalized recursion theory}, 
    SERIES = {Studie sin Logic and the Foundations of Mathematics}, 
    NUMBER = {105}, 
    PUBLISHER = {North--Holland}, 
    ADDRESS = {Amsterdam},
    YEAR = {1981}}
@INCOLLECTION{vanfraassen:supervaluations,
    AUTHOR = {van Fraassen, Bas},
    TITLE = {Presuppositions, supervluations and free logic},
    BOOKTITLE = {The Logical Way of Doing Things},
    EDITOR = {Lambert, K.},
    PUBLISHER = {Yale University Press},
    ADDRESS = {New Haven, Connecticut},
    YEAR = {1969},
    PAGES = {67 -- 92}}
@INCOLLECTION{frege:funktion,
    AUTHOR = {Frege, Gottlob},
    TITLE = {Funktion und {B}egriff. ({F}unction and {C}oncept)},
    BOOKTITLE = {Funktion, Begriff, Bedeutung. F\"unf logische
        Studien ({F}unction, {C}oncept, {M}eaning. {F}ive logical 
	{S}tudies)},
    EDITOR = {Patzig, G\"unther},
    PUBLISHER = {Vandenhoeck \& Ruprecht},
    ADDRESS = {G\"ottingen},
    YEAR = {1962},
    PAGES = {17 -- 39}}
@BOOK{frey:bedingungen,
    AUTHOR = {Frey, Werner},
    TITLE = {{S}yntaktische {B}edingungen f\"{u}r die
        semantische {I}nterpretation. (Syntactic {C}onditions for 
	{S}emantic {I}nterpretation)},
    PUBLISHER = {Akademie Verlag},
    ADDRESS = {Berlin},
    SERIES = {Studia Grammatica},
    NUMBER = {35},
    YEAR = {1993}}
@BOOK{fromkin:introduction, 
    EDITOR = {Fromkin, V.}, 
    TITLE = {Linguistics: An Introduction to linguistic theory},
    PUBLISHER = {Blackwell}, 
    ADDRESS = {London}, 
    YEAR = {2000}}
@BOOK{gaerdenfors:flux,
    AUTHOR = {G\"ardenfors, Peter},
    TITLE = {Knowledge in Flux},
    PUBLISHER = {MIT Press},
    ADDRESS = {Cambridge (Mass.)},
    YEAR = {1988}}
@BOOK{gamut:teil1,
    AUTHOR = {Gamut, L.~T.~F.},
    TITLE = {Logic, Language and Meaning. Vol. 1:
    	Introduction to Logic},
    PUBLISHER = {University of Chicago Press},
    ADDRESS = {Chicago},
    YEAR = {1991}}
@BOOK{gamut:teil2,
    AUTHOR = {Gamut, L.~T.~F.},
    TITLE = {Logic, Language and Meaning. Vol. 2:
    	Intensional Logic and Logical Grammar},
    PUBLISHER = {University of Chicago Press},
    ADDRESS = {Chicago},
    YEAR = {1991}}
@BOOK{gazdar:pragmatics,
    AUTHOR = {Gazdar, Gerald},
    TITLE = {Pragmatics, Implicature, Presuppositions, and Logical
        Form},
    PUBLISHER = {Academic Press},
    ADDRESS = {New York},
    YEAR = {1979}}
@ARTICLE{gazdar:cstructures,
        AUTHOR = {G. Gazdar AND G. Pullum AND R. Carpenter AND
                T. Hukari AND R. Levine},
        TITLE = {Category Structures},
        JOURNAL = {Computational Linguistics},
        VOLUME = {14},
        YEAR = {1988},
        PAGES = {1 -- 19}}
@BOOK{gazdarpullumsag:gpsg,
    AUTHOR = {Gazdar, Gerald AND Klein, Ewan AND Pullum,
        Geoffrey AND Sag, Ivan},
    TITLE = {Generalized Phrase Structure Grammar},
    PUBLISHER = {Blackwell},
    ADDRESS = {London},
    YEAR = {1985}}
@INCOLLECTION{geach:program,
    AUTHOR = {Geach, Peter},
    TITLE = {A {P}rogram for {S}yntax},
    BOOKTITLE = {Semantics for Natural Language},
    EDITOR = {Davidson, Donald AND Harman, Gilbert},
    PUBLISHER = {Reidel},
    ADDRESS = {Dordrecht},
    SERIES = {Synthese Library},
    NUMBER = {40},
    YEAR = {1972}}
@ARTICLE{gellerharrison:lr0,
    AUTHOR = {Geller, M.~M. AND Harrison, M.~A.},
    TITLE = {On {$LR(k)$} grammars and languages},
    JOURNAL = {Theoretical Computer Science},
    VOLUME = {4},
    YEAR = {1977},
    PAGES = {245 -- 276}}
@ARTICLE{geurts:presupposition,
    AUTHOR = {Geurts, Bart},
    TITLE = {Presupposition and {A}naphors in {A}ttitude
        {C}ontexts},
    JOURNAL = {Linguistics and Philosophy},
    VOLUME = {21},
    YEAR = {1998},
    PAGES = {545 -- 601}}
@BOOK{ginsburg:formal,
    AUTHOR = {Ginsburg, Seymour},
    TITLE = {Algebraic and Automata--Theoretic Properties
        of Formal Languages},
    PUBLISHER = {North--Holland},
    ADDRESS = {Amsterdam},
    YEAR = {1975}}
@ARTICLE{ginsburgspanier:semilinear, 
	AUTHOR = {Ginsburg, Seymour AND Spanier, Edwin H.}, 
	TITLE = {Bounded {ALGOL}--{L}ike {L}anguages}, 
	JOURNAL = {Transactions of the American Mathematical Society}, 
	VOLUME = {113}, 
	YEAR = {1964}, 
	PAGES = {333 -- 368}}
@ARTICLE{ginsburgspanier:presburger, 
	AUTHOR = {Ginsburg, Seymour AND Spanier, Edwin H.}, 
	TITLE = {Semigroups, {P}resburger {F}ormulas, and {L}anguages}, 
	JOURNAL = {Pacific Journal of Mathematics}, 
	VOLUME = {16}, 
	YEAR = {1966}, 
	PAGES = {285 -- 296}}
@BOOK{goldblatt:computation,
        AUTHOR = {Goldblatt, Robert I.},
        TITLE = {Logics of {T}ime and {C}omputation},
        SERIES = {CSLI Lecture Notes},
        NUMBER = {7},
        PUBLISHER = {CSLI},
        YEAR = {1987}}
@BOOK{goldsternjudah,
    AUTHOR = {Goldstern, Martin AND Judah, Haim},
    TITLE = {The Incompleteness Phenomenon},
    PUBLISHER = {AK Peters},
    ADDRESS = {Wellesley, Massachussetts},
    YEAR = {1995}}
@BOOK{graetzer:algebra,
        AUTHOR = {Gr\"{a}tzer, George},
        TITLE = {Universal Algebra},
        PUBLISHER = {van Nostrand},
        ADDRESS = {New York},
        YEAR = {1968}}
@BOOK{graetzer:lattice,
        AUTHOR = {Gr\"{a}tzer, George},
        TITLE = {Lattice {T}heory: {F}irst {C}oncepts
                and {D}istributive {L}attices},
        PUBLISHER = {Freeman},
        YEAR = {1971}}
@ARTICLE{greibach:normal,
    AUTHOR = {Greibach, Sheila~A.},
    TITLE = {A new normal--form theorem for context--free
        phrase structure grammars},
    JOURNAL = {Journal of the Association for Computing Machinery},
        VOLUME = {13},
    YEAR = {1967},
    PAGES = {42 -- 52}}
@BOOK{grewendorf:wissen,
    AUTHOR = {Grewendorf, G\"unter AND Hamm, Fritz AND Sternefeld,
        Wolfgang},
    TITLE = {Sprachliches Wissen. Eine Einf\"uhrung in moderne
        Theorien der grammatischen Beschreibung. ({K}nowledge of {L}anguage. 
	An {I}ntroduction to {M}odern {T}heories of {G}rammatical 
	{D}escription)},
    SERIES = {suhrkamp taschenbuch wissenschaft},
    NUMBER = {695},
    PUBLISHER = {Suhrkamp Verlag},
    YEAR = {1987}}
@ARTICLE{groenendijkstokhof:pdl,
    AUTHOR = {Groenendijk, Jeroen AND Stokhof, Martin},
    TITLE = {Dynamic Predicate Logic},
    JOURNAL = {Linguistics and Philosophy},
    VOLUME = {14},
    YEAR = {1991},
    PAGES = {39 -- 100}}
@PHDTHESIS{groenink:surface,
    AUTHOR = {Groenink, Annius V.},
    TITLE = {Surface without Structure. Word Order and
        Tractability Issues in Natural Language Ana\-ly\-sis},
    SCHOOL = {University of Utrecht},
    YEAR = {1997}}
@ARTICLE{groenink:lmgs,
 AUTHOR = {Groenink, Annius V.},
  TITLE = {Mild Context--Sensitivity and Tuple--Based
          Generalizations of Context--Grammar},
JOURNAL = {Linguistics and Philosophy},
 VOLUME = {20},
  PAGES = {607--636},
   YEAR = {1997}}
@INPROCEEDINGS{degroote:abstract, 
	AUTHOR = {de Groote, Philippe}, 
	TITLE = {Towards {A}bstract {C}ategorial {G}rammars}, 
	BOOKTITLE = {Association for Computational Linguistics, 
		39th Annual Meeting and 10th Conference of the 
		European Chapter}, 
 	ADDRESS = {Toulouse}, 
        YEAR = {2001},
	PAGES = {148 -- 155}}
@ARTICLE{haider:exaptiv, 
        AUTHOR = {Haider, Hubert}, 
        TITLE = {Die menschliche {S}prachf\"ahigkeit --- exaptiv und 
		kognitiv opak}, 
	JOURNAL = {Kognitionswissenschaft}, 
	VOLUME = {2}, 
	YEAR = {1991}, 
	PAGES = {11 -- 26}}
@INCOLLECTION{haider:branching,
        AUTHOR = {Haider, Hubert},
        TITLE = {{B}ranching and {D}ischarge},
	EDITOR = {Coopmans, Peter AND Everaert, Martin AND 
		Grimshaw, Jane}, 
	BOOKTITLE = {Lexical Specification and Insertion}, 
        SERIES = {Current Issues in Linguistic Theory},
        NUMBER = {197},
        PUBLISHER = {John Benjamins},
        ADDRESS = {Amsterdam}, 
        YEAR = {2000}, 
	PAGES = {135 -- 164}}
@TECHREPORT{haider:detached,
        AUTHOR = {Haider, Hubert},
        TITLE = {{D}etached {C}lauses -- {T}he {L}ater {T}he {D}eeper},
        SERIES = {Progress Report},
        NUMBER = {41},
        INSTITUTION = {SFB 340, Universit\"{a}t Stuttgart},
        YEAR = {1994}}
@BOOK{haider:generativ,
    AUTHOR = {Haider, Hubert},
    TITLE = {Deutsche Syntax --- generativ.   Vorstudien zur Theorie
        einer projektiven Grammatik},
    PUBLISHER = {Gunter Narr Verlag},
    ADDRESS = {T\"ubingen},
    YEAR = {1993}}
@INCOLLECTION{haider:downright, 
    AUTHOR = {Haider, Hubert}, 
    TITLE = {Downright down to the right}, 
    EDITOR = {Lutz, U. AND Pafel, J.}, 
    BOOKTITLE = {On {E}xtraction and {E}xtraposition}, 
    PUBLISHER = {John Benjamins}, 
    ADDRESS = {Amsterdam}, 
    YEAR = {1995}, 
    PAGES = {145 -- 271}}
@INCOLLECTION{haider:extraposition, 
    AUTHOR = {Haider, Hubert}, 
    TITLE = {Extraposition}, 
    EDITOR = {Beerman, D. AND LeBlanc, D. AND van Riemsdijk, H.}, 
    BOOKTITLE = {Rightward Movement}, 
    PUBLISHER = {John Benjamins}, 
    ADDRESS = {Amsterdam}, 
    YEAR = {1997}, 
    PAGES = {115 -- 151}}
@ARTICLE{halmos:polyadic,
    AUTHOR = {Halmos, Paul},
    TITLE = {Homogeneous locally finite polyadic Boolean algebras
        of infinite degree},
    JOURNAL = {Fundamenta Mathematicae},
    VOLUME = {43},
    YEAR = {1956},
    PAGES = {255 -- 325}}
@ARTICLE{hammlambalgen:nominalization,
    AUTHOR = {Hamm, Friedrich AND van Lambalgen, Michiel},
    TITLE = {Event {C}alculus, {N}ominalization and the {P}rogressive},
    JOURNAL = {Linguistics and Philosophy},
    VOLUME = {26},
    YEAR = {2003}, 
    PAGES = {381 -- 458}}
@INCOLLECTION{harel:dynamic,
        AUTHOR = {Harel, D.},
        TITLE = {Dynamic Logic},
        BOOKTITLE = {Handbook of Philosophical Logic},
        VOLUME = {2},
        PUBLISHER = {Reidel},
        EDITOR = {Gabbay, Dov M. AND Guenthner, Franz},
        YEAR = {1984}}
@INPROCEEDINGS{harkema:minimalism,
    AUTHOR = {Harkema, Henk},
    TITLE = {A {C}haracterization of {M}inimalist {L}anguages},
    EDITOR = {de Groote, Philippe AND Morrill, Glyn AND Retor\'e,
        Christian},
    BOOKTITLE = {Logical Aspects of Computational Linguistics
        (LACL '01)},
    SERIES = {Lecture Notes in Artificial Intelligence},
    NUMBER = {2099},
    PUBLISHER = {Springer},
    ADDRESS = {Berlin, Heidelberg},
    YEAR = {2001},
    PAGES = {193 -- 211}}
@BOOK{harris:structures,
    AUTHOR = {Harris, Zellig S.},
    TITLE = {Mathematical Structures of Language},
    PUBLISHER = {Robert E. Krieger Publishing Company},
    ADDRESS = {Huntington, New York},
    EDITIION = {2},
    YEAR = {1979}}
@BOOK{harris:structural,
    AUTHOR = {Harris, Zellig S.},
    TITLE = {Structural Linguistics},
    PUBLISHER = {The University of Chicago Press},
    YEAR = {1963}}
@BOOK{harrison:formal,
    AUTHOR = {Harrison, Michael A.},
    TITLE = {Introduction to Formal Language Theory},
    PUBLISHER = {Addison Wesley},
    ADDRESS = {Reading (Mass.)},
    YEAR = {1978}}
@BOOK{hausser:surface, 
    AUTHOR = {Hausser, Roland R.}, 
    TITLE = {Surface Compositional Grammar}, 
    PUBLISHER = {Wilhelm Finck Verlag}, 
    ADDRESS = {M\"unchen}, 
    YEAR = {1984}}
@INPROCEEDINGS{heim:context,
    AUTHOR = {Heim, Irene},
    TITLE = {On the projection problem for presuppositions},
    EDITOR = {Barlow, M. AND Flickinger, D. Westcoat, D.},
        BOOKTITLE = {Proceedings of the 2nd West Coast Conference
        on Formal Linguistics},
    ADDRESS = {Stanford University},
    PAGES = {114 -- 126},
    YEAR = {1983}}
@ARTICLE{hendriks:compositionality,
    AUTHOR = {Hendriks, Herman},
    TITLE = {Compositionality and {M}odel--{T}heoretic {I}nterpretation},
    JOURNAL = {Journal of Logic, Language and Information},
    VOLUME = {10},
    YEAR = {2001},
    PAGES = {29 -- 48}}
@ARTICLE{henkin:completeness, 
	AUTHOR = {Henkin, Leon}, 
	TITLE = {Completeness in the theory of types}, 
	JOURNAL = {Journal of Symbolic Logic}, 
	VOLUME = {15}, 
	YEAR = {1950}, 
	PAGES = {81 -- 91}}
@BOOK{henkinmonktarski:cylindric1,
    AUTHOR = {Henkin, Leon AND Monk, Donald AND Tarski, Alfred},
    TITLE = {Cylindric Algebras. Part 1},
    SERIES = {Studies in Logic and the Foundation of Mathematics},
    PUBLISHER = {North--Holland},
    ADDRESS = {Amsterdam},
    NUMBER = {64},
    YEAR = {1971}}
@BOOK{herrlichstrecker,
    AUTHOR = {Herrlich, Horst AND Strecker, George E.},
    TITLE = {Category Theory},
    PUBLISHER = {Allyn and Bacon},
    YEAR = {1973}}
@BOOK{heuser:analysis1,
    AUTHOR = {Heuser, Harro},
    TITLE = {Lehrbuch der Analysis. Teil 1},
    PUBLISHER = {Teubner Verlag},
    ADDRESS = {Stuttgart},
    EDITION = {11},
    YEAR = {1994}}
@BOOK{heuser:analysis2,
    AUTHOR = {Heuser, Harro},
    TITLE = {Lehrbuch der Analysis. Teil 2 ({A}nalysis. {A} {T}extbook)},
    PUBLISHER = {Teubner Verlag},
    ADDRESS = {Stuttgart},
    EDITION = {9},
    YEAR = {1995}}
@BOOK{hindley:combinatory,
    AUTHOR = {Hindley, J.~R. AND Lercher, B. AND
        Seldin, J.~P.},
    TITLE = {Introduction to Combinatory Logic},
    PUBLISHER = {Oxford University Press},
    ADDRESS = {Oxford},
    SERIES = {London Mathematical Society Lecture Notes},
    NUMBER = {7},
    YEAR = {1972}}
@ARTICLE{hindleylongo:models,
    AUTHOR = {Hindley, J.~R. AND Longo, G.},
    TITLE = {Lambda calculus models and extensionality},
    JOURNAL = {Zeitschrift f\"ur mathematische Logik und Grundlagen
        der Mathematik},
    VOLUME = {26},
    YEAR = {1980},
    PAGES = {289 -- 310}}
@BOOK{hintikka:knowledge,
        AUTHOR = {Hintikka, Jaakko},
        TITLE = {Knowledge and Belief. An Introduction into the
        logic of the two notions},
        PUBLISHER = {Cornell University Press},
        ADDRESS = {Ithaca},
        YEAR = {1962}}
@ARTICLE{hodges:compositionality,
    AUTHOR = {Hodges, Wilfrid},
    TITLE = {Formal features of compositionality},
    JOURNAL = {Journal of Logic, Language and Information},
    VOLUME = {10},
    YEAR = {2001},
    PAGES = {7 -- 28}}
@BOOK{hopcroftullman:formal,
    AUTHOR = {Hopcroft, John E. AND Ullman, Jeffrey D.},
    TITLE = {Formal Languages and their Relation to Automata},
    PUBLISHER = {Addison Wesley},
    ADDRESS = {Reading (Mass.)},
    YEAR = {1969}}
@BOOK{hulst:dutch,
    AUTHOR = {van der Hulst, Harry},
    TITLE = {Syllable Structure and Stress in Dutch},
    PUBLISHER = {Foris},
    ADDRESS = {Dordrecht},
    YEAR = {1984}}
@ARTICLE{huybregts:overlapping,
    AUTHOR = {Huybregts, Riny},
    TITLE = {{O}verlapping {D}ependencies in {D}utch},
    JOURNAL = {Utrecht Working Papers in Linguistics},
    VOLUME = {1},
    YEAR = {1984},
    PAGES = {3 -- 40}}
@BOOK{ihringer:algebra,
    AUTHOR = {Ihringer, Thomas},
    TITLE = {Allgemeine Algebra. ({U}niversal {A}lgebra)},
    PUBLISHER = {Teubner Verlag},
    ADDRESS = {Stuttgart},
    EDITION = {2},
    YEAR = {1993}}
@BOOK{ipahandbook,
    AUTHOR = {IPA},
    TITLE = {Handbook of the International Phonetic Association},
    PUBLISHER = {Cambridge University Press},
    ADDRESS = {Cambridge},
    YEAR = {1999}}
@BOOK{irelandrosen:numbertheory,
    AUTHOR = {Ireland, Kenneth AND Rosen, Michael},
    TITLE = {A Classical Introduction to Modern Number Theory},
    PUBLISHER = {Springer},
    ADDRESS = {Berlin, Heidelberg},
    EDITION = {2},
    SERIES = {Graduate Texts in Mathematics},
    NUMBER = {84},
    YEAR = {1990}}
@BOOK{jackendoff:xbar,
    AUTHOR = {Jackendoff, Ray},
    TITLE = {$\oli{X}$--{S}yntax: {A} {S}tudy of {P}hrase {S}tructure},
    SERIES = {Linguistic Inquiry Monographs},
    NUMBER = {2},
    PUBLISHER = {MIT Press},
    ADDRESS = {Cambridge (Mass.)},
    YEAR = {1977}}
@ARTICLE{jacobson:toward, 
    AUTHOR = {Jacobson, Pauline}, 
    TITLE = {Toward a {V}ariable--{F}ree Semantics}, 
    JOURNAL = {Linguistics and Philosophy}, 
    VOLUME = {22}, 
    YEAR = {1999}, 
    PAGES = {117 -- 184}}
@ARTICLE{jacobson:disorganisation, 
    AUTHOR = {Jacobson, Pauline}, 
    TITLE = {The ({D}is){O}rganisation of the {G}rammar: 25 {Y}ears}, 
    JOURNAL = {Linguistics and Philosophy}, 
    VOLUME = {25}, 
    YEAR = {2002}, 
    PAGES = {601 -- 626}}
@INCOLLECTION{janssen:compositionality,
    AUTHOR = {Janssen, Theo},
    TITLE = {Compositionality},
    BOOKTITLE = {Handbook of Logic and Language},
    EDITOR = {van Benthem, Johan AND ter Meulen, Alice},
    PUBLISHER = {Elsevier},
    ADDRESS = {Amsterdam},
    YEAR = {1997},
    PAGES = {417 -- 473}}
@ARTICLE{johnson:fpa,
    AUTHOR = {Johnson, J.~S.},
    TITLE = {Nonfinitizabilitity of classes of representable
        polyadic algebras},
    JOURNAL = {Journal of Symbolic Logic},
    VOLUME = {34},
    YEAR = {1969},
    PAGES = {344 -- 352}}
@BOOK{johnson:avlogic,
        AUTHOR = {Mark Johnson},
        TITLE = {Attribute--Value Logic and the Theory of Grammar},
        YEAR = {1988},
        PUBLISHER = {CSLI},
        SERIES = {CSLI Lecture Notes},
        VOLUME = {16}}
@BOOK{jones:numbertheory,
    AUTHOR = {Jones, Burton W.},
    TITLE = {The Theory of Numbers},
    PUBLISHER = {Holt, Rinehart and Winston},
    ADDRESS = {New York},
    YEAR = {1955}}
@ARTICLE{joshilevytakahashi:adjunct, 
	AUTHOR = {Joshi, Aravind AND Levy, Leon S. AND 
		Takahashi, Masako}, 
	TITLE = {Tree {A}djunct {G}rammars}, 
	JOURNAL = {Journal of Computer and System Sciences}, 
	VOLUME = {10},
	YEAR = {1975}, 
	PAGES = {136 -- 163}}
@INCOLLECTION{joshi:howmuch,
    AUTHOR = {Joshi, Aravind K.},
    TITLE = {How much context--sensitivity is needed for
        characterizing structural descriptions: Tree
        adjoining grammars},
    BOOKTITLE = {Natural language parsing: {P}sychological,
        computational and theoretical perspectives},
    EDITOR = {Dowty, David AND Karttunen, Lauri AND
        Zwicky, Arnold},
    PUBLISHER = {Cambdrige University Press},
    ADDRESS = {Cambridge},
    YEAR = {1985}}
@INCOLLECTION{joshietal:convergence,
    AUTHOR = {Joshi, Aravind K.  AND Vijay--Shanker, K. AND
        Weir, David},
    TITLE = {The {C}onvergence of {M}ildly {C}ontext--{S}ensitive
        {G}rammar {F}ormalisms},
    BOOKTITLE = {Foundational Issues in Natural Language},
    EDITOR = {Sells, Peter AND Shieber, Stuart M. AND
        Wasow, Thomas},
    PUBLISHER = {MIT Press},
    ADDRESS = {Cambridge (Mass.)},
    YEAR = {1991},
    PAGES = {31 -- 81}}
@INCOLLECTION{joshi-1985,
    AUTHOR = {Aravind~K. Joshi},
    TITLE = {Tree adjoining grammars: {H}ow much context--sensitivity
         is required to provide reasonable structural descriptions?},
    EDITOR = {D. Dowty and L. Karttunen and A. Zwicky},
    BOOKTITLE = {Natural {L}anguage {P}arsing. {P}sychological,
             {C}omputational, and {T}heoretical {P}erspectives},
    PUBLISHER = {Cambridge University Press},
    YEAR = {1985},
    PAGES = {206--250}}
@BOOK{justweese:set1,
    AUTHOR = {Just, Winfried AND Weese, Martin},
    TITLE = {Discovering Modern Set Theory. I. The Basics},
    PUBLISHER = {AMS},
    SERIES = {Graduate Studies in Mathematics},
    VOLUME = {8},
    YEAR = {1996}}
@BOOK{justweese:set2,
    AUTHOR = {Just, Winfried AND Weese, Martin},
    TITLE = {Discovering Modern Set Theory. II. Set--Theoretic Tools
        for Every Mathematician},
    PUBLISHER = {AMS},
    SERIES = {Graduate Studies in Mathematics},
    VOLUME = {18},
    YEAR = {1997}}
@ARTICLE{kacmanasterramerrounds:simultaneous, 
	AUTHOR = {Kac, Michael B. AND Manaster--Ramer, Alexis AND 
		Rounds, William C.}, 
	TITLE = {Simultaneous--{D}istributive {C}oordination
		and {C}ontext--{F}reeness},
	JOURNAL = {Computational Linguistics}, 
	VOLUME = {13},
	YEAR = {1987},
	PAGES = {25 -- 30}}
@INCOLLECTION{kamp:truth,
    AUTHOR = {Kamp, Hans},
    TITLE = {A theory of truth and semantic representation},
    BOOKTITLE = {Formal methods in the study of language},
    EDITOR = {Groenendijk, Jeroen},
    PUBLISHER = {Mathematisch Centrum},
    YEAR = {1981}}
@BOOK{kampreyle:drt,
    AUTHOR = {Kamp, Hans AND Reyle, Uwe},
    TITLE = {From Discourse to Logic. Introduction to Modeltheoretic
        Semantics of Natural Language, Formal Language and Discourse
        Representation},
    PUBLISHER = {Kluwer},
    ADDRESS = {Dordrecht},
        YEAR = {1993}}
@ARTICLE{kaplankay:regular,
    AUTHOR = {Kaplan, Ron M. AND Kay, Martin},
    TITLE = {Regular {M}odels of {P}honological {R}ule {S}ystems},
    JOURNAL = {Computational Linguistics},
    VOLUME = {20},
    YEAR = {1994},
    PAGES = {331 -- 378}}
@ARTICLE{karttunen:context,
    AUTHOR = {Karttunen, Lauri},
    TITLE = {Presuppositions and linguistic context},
    JOURNAL = {Theoretical Linguistics},
    VOLUME = {1},
    YEAR = {1974},
    PAGES = {181 -- 194}}
@INCOLLECTION{karttunenpeters:conventional,
    AUTHOR = {Karttunen, Lauri AND Peters, Stanley},
    TITLE = {Conventional Implicature},
    BOOKTITLE = {Syntax and Semantics 11: Presupposition},
    EDITOR = {Oh, C.--K. AND Dinneen, D.},
    PUBLISHER = {Academic Press},
    ADDRESS = {New York},
    YEAR = {979},
    PAGES = {1 -- 56}}
@ARTICLE{kasperrounds,
        AUTHOR = {Kasper, Robert T. AND Rounds, William C.},
        TITLE = {The Logic of Unification in Grammar},
        JOURNAL = {Linguistics and Philosophy},
        VOLUME = {13},
        YEAR = {1990},
        PAGES = {35 -- 58}}
@TECHREPORT{kasami:cfg,
    AUTHOR = {Kasami, Tadao},
    TITLE = {An efficient recognition and syntax--analysis algorithm
        for context--free languages},
    NOTE = {Science Report AFCRL--65--758},
    INSTITUTION = {Air Force Cambridge Research Laboratory,
        Bedford (Mass.)},
    YEAR = {1965}}
@TECHREPORT{kasami:mcfg,
  AUTHOR = {Tadao Kasami and Hiroyuki Seki and Mamoru Fujii},
  TITLE = {Generalized Context--Free Grammars, Multiple Context--Free 
	Grammars and Head Grammars},
  INSTITUTION = {Osaka University},
  YEAR = {1987}}
@BOOK{kayne:antisymmetry,
        AUTHOR = {Kayne, Richard S.},
        TITLE = {The {A}ntisymmetry of {S}yntax},
        PUBLISHER = {MIT Press},
    SERIES = {Linguistic Inquiry Monographs},
    NUMBER = {25},
        YEAR = {1994}}
@ARTICLE{kazmipelletier:compositionality,
    AUTHOR = {Kazmi, A. AND Pelletier, F.~J.},
    TITLE = {Is {C}ompositionality {F}ormally {V}acuous?},
    JOURNAL = {Linguistics and Philosophy},
    VOLUME = {21},
    YEAR = {1998},
    PAGES = {629 -- 633}}
@INCOLLECTION{keenan:binding,
    AUTHOR = {Keenan, Edward L.},
    TITLE = {On Semantics and Binding Theory},
    EDITOR = {Hawkins, John A.},
    BOOKTITLE = {Explaining Language Universals},
    YEAR = {1988}}
@BOOK{keenanfaltz:boolean,
    AUTHOR = {Keenan, Edward P. AND Faltz, Leonard L.},
    TITLE = {Boolean Semantics for Natural Language},
    PUBLISHER = {Reidel},
    ADDRESS = {Dordrecht},
    YEAR = {1985}}
@INCOLLECTION{keenanwesterstahl:generalized, 
    AUTHOR = {Keenan, Edward AND Westerst{\aa}hl, Dag},
    TITLE = {Generalized Quantifiers},
    EDITOR = {van Benthem, Johan AND ter Meulen, Alice},
    BOOKTITLE = {Handbook of Logic and Language},
    PUBLISHER = {Elsevier},
    ADDRESS = {Amsterdam},
    YEAR = {1997},
    PAGES = {835 -- 893}}
@BOOK{keller:feature,
    AUTHOR = {Keller, Bill},
    TITLE = {Feature Logics, Infinitary Descriptions and
        Grammar},
    SERIES = {CSLI Lecture Notes},
    NUMBER = {44},
    YEAR = {1993}}
@BOOK{kempson:presupposition,
    AUTHOR = {Kempson, Ruth},
    TITLE = {Presupposition and the delimitation of semantics},
    PUBLISHER = {Cambridge University Press},
    ADDRESS = {Cambridge},
    YEAR = {1975}}
@INCOLLECTION{kleene:regular,
    AUTHOR = {Kleene, Stephen C.},
    TITLE = {Representation of events in nerve nets},
    BOOKTITLE = {Automata Studies},
    EDITOR = {Shannon, C.~E. AND McCarthy, J.},
    PUBLISHER = {Princeton University Press},
    YEAR = {1956},
    PAGES = {3 -- 40}}
@BOOK{kleene:metamathematics,
    AUTHOR = {Kleene, Stephen C.},
    TITLE = {Introduction to Metamathematics},
    PUBLISHER = {North--Holland},
    ADDRESS = {Amsterdam},
    YEAR = {1964}}
@ARTICLE{knuth:lrk,
    AUTHOR = {Knuth, Donald},
    TITLE = {On the translation of languages from left to right},
    JOURNAL = {Information and Control},
    VOLUME = {8},
    YEAR = {1965},
    PAGES = {607 -- 639}}
@PHDTHESIS{kornai:formal,
    AUTHOR = {Kornai, Andr\'as},
    TITLE = {Formal Phonology},
    SCHOOL = {Stanford University},
    YEAR = {1991}}
@BOOK{kornai:hungarian,
    AUTHOR = {Kornai, Andr\'as},
    TITLE = {On {H}ungarian morphology},
    PUBLISHER = {Hungarian Academy of Sciences Institute of
        Linguistics},
    ADDRESS = {Budapest},
    YEAR = {1994}}
@TECHREPORT{koskenniemi:twolevel,
    AUTHOR = {Koskenniemi, Kimmo},
    TITLE = {Two--level morphology. {A} general computational model
        for word--form recognition},
    SERIES = {Publication},
    NUMBER = {11},
    INSTITUTION = {Department of General Linguistics, University
        of Helsinki},
    YEAR = {1983}}
@BOOK{koster:domains,
        AUTHOR = {Koster, Jan},
        TITLE = {Domains and Dynasties: {T}he Radical Autonomy of Syntax},
        PUBLISHER = {Foris},
        ADDRESS = {Dordrecht},
        YEAR = {1986}}
@ARTICLE{koymans:lambda, 
	AUTHOR = {Koymans, J.~P.~C.}, 
	TITLE = {Models of the {L}ambda {C}alculus}, 
	JOURNAL = {Information and Control}, 
	VOLUME = {52}, 
	PAGES = {306 -- 332}, 
	YEAR = {1982}}
@INCOLLECTION{kracht:against,
    AUTHOR = {Kracht, Marcus},
    TITLE = {Against the feature bundle theory of case},
    EDITOR = {Brandner, Ellen AND Zinsmeister, Heike},
    BOOKTITLE = {New Perspectives on Case Theory},
    PUBLISHER = {CSLI},
    YEAR = {2003}, 
    PAGES = {165 -- 190}}
@ARTICLE{kracht:codes,
    AUTHOR = {Kracht, Marcus},
    TITLE = {Syntactic {C}odes and {G}rammar {R}efinement},
    JOURNAL = {Journal of Logic, Language and Information},
    VOLUME = {4},
    PAGES = {41 -- 60},
    YEAR = {1995}}
@ARTICLE{kracht:combinatorics,
    AUTHOR = {Kracht, Marcus},
    TITLE = {The {C}ombinatorics of {C}ases},
    JOURNAL = {Journal of Language and Computation},
    VOLUME = {3},
    PUBLISHER = {King's College},
    YEAR = {2001}}
@UNPUBLISHED{kracht:agreement,
    AUTHOR = {Kracht, Marcus},
    TITLE = {Agreement {M}orphology, {A}rgument {S}tructure
        and {S}yntax},
    NOTE = {Manuscript},
    INSTITUTE = {FU Berlin},
    YEAR = {1999}}
@INCOLLECTION{kracht:adjunction,
    AUTHOR = {Kracht, Marcus},
    TITLE = {Adjunction {S}tructures and {S}yntactic {D}omains},
    EDITOR = {M\"onnich, Uwe AND Kolb, Hans--Peter},
    BOOKTITLE = {The Mathematics of Sentence Structure. Trees and
        Their Logics},
    SERIES = {Studies in Generative Grammar},
    NUMBER = {44},
    PUBLISHER = {Mouton--de Gruyter},
    ADDRESS = {Berlin},
    YEAR = {1998},
    PAGES = {259 -- 299}}
@INPROCEEDINGS{kracht:aspects,
        AUTHOR = {Kracht, Marcus},
        TITLE = {Mathematical Aspects of Command Relations},
        BOOKTITLE = {Proceedings of the EACL 93},
        YEAR = {1993},
    PAGES = {241 -- 250}}
@INCOLLECTION{kracht:bare,
    AUTHOR = {Kracht, Marcus},
        TITLE = {{O}n {R}educing {P}rinciples to {R}ules},
    EDITOR = {Blackburn, Patrick AND de Rijke, Maarten},
    BOOKTITLE = {Specifying Syntactic Structure},
    PUBLISHER = {CSLI},
    YEAR = {1998},
    PAGES = {}}
@INCOLLECTION{kracht:control,
    AUTHOR = {Kracht, Marcus},
    TITLE = {Logic and {C}ontrol: {H}ow {T}hey {D}etermine the
        {B}ehaviour of {P}resuppositions},
    EDITOR = {van Eijck, Jan AND Visser, Albert},
    BOOKTITLE = {Logic and Information Flow},
    PUBLISHER = {MIT Press},
    ADDRESS = {Cambridge, Massachusetts},
    YEAR = {1994},
    PAGES = {88 -- 111}}
@ARTICLE{kracht:kuznetsov,
    AUTHOR = {Kracht, Marcus},
    TITLE = {Modal {L}ogics {T}hat {N}eed {V}ery {L}arge {F}rames},
    JOURNAL = {Notre Dame Journal of Formal Logic},
    VOLUME = {42},
    YEAR = {2001}, 
    PAGES = {141 -- 173}}
@ARTICLE{kracht:chains,
    AUTHOR = {Kracht, Marcus},
    TITLE = {Syntax in {C}hains},
    JOURNAL = {Linguistics and Philosophy},
    VOLUME = {24},
    YEAR = {2001},
    PAGES = {467 -- 529}}
@BOOK{kracht:tools,
    AUTHOR = {Kracht, Marcus},
    TITLE = {Tools and {T}echniques in {M}odal {L}ogic},
    PUBLISHER = {Elsevier},
    ADDRESS = {Amsterdam},
    SERIES = {Studies in Logic},
    NUMBER = {142},
    YEAR = {1999}}
@ARTICLE{kracht:av,
    AUTHOR = {Kracht, Marcus},
    TITLE = {Is there a genuine modal perspective on feature
        structures?},
    JOURNAL = {Linguistics and Philosophy},
    VOLUME = {18},
    YEAR = {1995},
    PAGES = {401 -- 458}}
@INPROCEEDINGS{kracht:essential,
    AUTHOR = {Kracht, Marcus},
    TITLE = {Inessential {F}eatures},
    BOOKTITLE = {Logical Aspects of Computational Linguistics
        (LACL '96)},
    EDITOR = {Retor\'{e}, Christian},
    SERIES = {Lecture Notes in Artificial Intelligence},
    NUMBER = {1328},
    PUBLISHER = {Springer},
    ADDRESS = {Heidelberg},
    YEAR = {1997},
    PAGES = {43 -- 62}}
@BOOK{kracht:mol, 
	AUTHOR = {Kracht, Marcus}, 
	TITLE = {Mathematics of Language}, 
	PUBLISHER = {Mouton de Gruyter}, 
	ADDRESS = {Berlin}, 
	YEAR = {2003?}}
@ARTICLE{kuroda:classes,
    AUTHOR = {Kuroda, S.--Y.},
    TITLE = {Classes of languages and linear bounded automata},
    JOURNAL = {Information and Control},
    VOLUME = {7},
    YEAR = {1964},
    PAGES = {207 -- 223}}
@BOOK{lamb:stratificationalism,
    AUTHOR = {Lamb, Sydney M.},
    TITLE = {Outline of {S}tratificational {G}rammar},
    ADDRESS = {Washington},
    PUBLISHER = {Georgetown University Press}, 
    YEAR = {1966}}
@ARTICLE{lambek:mathematics,
    AUTHOR = {Lambek, Joachim},
    TITLE = {The {M}athematics of {S}entence {S}tructure},
    JOURNAL = {The American Mathematical Monthly},
    VOLUME = {65},
    YEAR = {1958},
    PAGES = {154 -- 169}}
@ARTICLE{landweber:three,
    AUTHOR = {Landweber, Peter S.},
    TITLE = {Three theorems on phrase structure grammars of type 1},
    JOURNAL = {Information and Control},
    VOLUME = {6},
    YEAR = {1963},
    PAGES = {131 -- 137}}
@ARTICLE{langholm:indexed,
    AUTHOR = {Langholm, Tore},
    TITLE = {A {D}escriptive {C}haracterisation of {I}ndexed
        {G}rammars},
    JOURNAL = {Grammars},
    VOLUME = {4},
    YEAR = {2001},
    PAGES = {205 -- 262}}
@BOOK{lehmann:bases,
    AUTHOR = {Lehmann, Winfred P.},
    TITLE = {Theoretical {B}ases of {I}ndo--{E}uropean
        {L}inguistics},
    PUBLISHER = {Routledge},
    ADDRESS = {London},
    YEAR = {1993}}
@BOOK{leibniz:kalkuel,
    AUTHOR = {Leibniz, Gottfried Wilhelm},
    TITLE = {Die Grund\-la\-gen des lo\-gi\-schen Kal\-k\"uls
        (Lateinisch--Deutsch). (The {F}oundations of the Logical Calculus 
	(Latin--German)},
    SERIES = {Philosophische Bibliothek},
    NUMBER = {525},
    PUBLISHER = {Meiner Verlag},
    ADDRESS = {Hamburg},
    YEAR = {2000}}
@BOOK{levelt:speaking,
    AUTHOR = {Levelt, Willem P.},
    TITLE = {Speaking. From Intention to Articulation},
    PUBLISHER = {MIT Press},
    ADDRESS = {Cambridge (Mass.)},
    EDITION = {2},
    YEAR = {1991}}
@BOOK{lewandowski,
    AUTHOR = {Lewandowski, Th.},
    TITLE = {Linguistisches W\"orterbuch. (Linguistic Dictionary)},
    PUBLISHER = {Quelle \& Meyer Verlag},
    ADDRESS = {Heidelberg und Wiesbaden},
    SERIES = {UTB},
    NUMBER = {200, 201, 300},
    EDITION = {4},
    YEAR = {1985}}
@BOOK{lyons:linguistik,
    AUTHOR = {Lyons, John},
    TITLE = {Introduction to Theoretical Linguistics},
    PUBLISHER = {Cambridge University Press},
    ADDRESS = {Cambridge},
    YEAR = {1968}}
@BOOK{lyons:semantics,
    AUTHOR = {Lyons, John},
    TITLE = {Semantics. Vol. 1},
    PUBLISHER = {Cambridge University Press},
    ADDRESS = {Cambridge},
    YEAR = {1978}}
@BOOK{maclane:categories,
    AUTHOR = {MacLane, Saunders},
    TITLE = {Categories for the Working Mathematician},
    SERIES = {Graduate Texts in Mathematics},
    NUMBER = {5},
    PUBLISHER = {Springer},
    ADDRESS = {Heidelberg},
    YEAR = {1971}}
@INPROCEEDINGS{manasterramer:copying,
    AUTHOR = {Manaster--Ramer, Alexis},
    TITLE = {Copying in natural languages, context--freeness and
        queue grammars},
    BOOKTITLE = {Proceedings of the 24th Annual Meeting of the
        Association for Computational Linguistics},
    YEAR = {1986},
    PAGES = {85 -- 89}}
@ARTICLE{manasterramerkac:concept,
    AUTHOR = {Manaster--Ramer, Alexis AND Kac, Michael B.},
    TITLE = {The {C}oncept of {P}hrase {S}tructure},
    JOURNAL = {Linguistics and Philosophy},
    VOLUME = {13},
    YEAR = {1990},
    PAGES = {325 -- 362}}
@UNPUBLISHED{manasterrameretal:ogden, 
	AUTHOR = {Manaster--Ramer, Alexis AND Moshier, M.~Andrew 
		AND Zeitman, R.~Suzanne},
	TITLE = {An {E}xtension of {O}gden's {L}emma}, 
	NOTE = {Manuscript. Wayne State University}, 
	YEAR = {1992}} 
@ARTICLE{mancasalibra:manyvalued, 
    AUTHOR = {Manca, V. AND Salibra, A.}, 
    TITLE = {First--order theories as many valued algebras}, 
    JOURNAL = {Notre Dame Journal of Formal Logic}, 
    VOLUME = {25}, 
    YEAR = {1986}, 
    PAGES = {86 -- 94}}
@BOOK{marcus:algebraic,
    AUTHOR = {Marcus, Solomon},
    TITLE = {Algebraic Linguistics; Analytical Models},
    PUBLISHER = {Academic Press},
    ADDRESS = {New York and London},
    YEAR = {1967}}
@BOOK{marcus:structurale, 
	AUTHOR = {Marcus, Solomon},
	TITLE = {Introduction math\'ematique \`a la linguistique 
		structurale. (Mathematical introduction to linguistics)},
	SERIES = {Monographies de linguistique math\'ematique},
	NUMBER = {1},
	PUBLISHER = {Dunod},
	ADDRESS = {Paris},
	YEAR = {1967}}
@ARTICLE{markov:impossibility,
    AUTHOR = {Markov, A.~A.},
    TITLE = {On the impossibility of certain algorithms in the
        theory of associative systems ({R}ussian)},
    JOURNAL = {Doklady Akad\'emii Nauk SSSR},
    VOLUME = {55},
    YEAR = {1947},
    PAGES = {587 -- 590}}
@INCOLLECTION{marshpartee:binding,
    AUTHOR = {Marsh, William AND Partee, Barbara H.},
    TITLE = {How {N}on--{C}ontext {F}ree is {V}ariable {B}inding?},
    BOOKTITLE = {The {F}ormal {C}omplexity of {N}atural {L}anguage},
    EDITOR = {Savitch, Walter AND Bach, Emmon AND Marsch,
        William AND Safran--Naveh, Gila},
    PUBLISHER = {Reidel},
    ADDRESS = {Dordrecht},
    YEAR = {1987},
    PAGES = {369 -- 386}}
@ARTICLE{mccawley:person, 
    AUTHOR = {McCawley, James D.}, 
    TITLE = {Participant {R}oles, {F}rames and {S}peech {A}cts}, 
    JOURNAL = {Linguistics and Philosophy}, 
    VOLUME = {22}, 
    YEAR = {1999}, 
    PAGES = {595 -- 619}}
@BOOK{melcuk:dependency, 
    AUTHOR = {Mel'\v{c}uk, Igor}, 
    TITLE = {Dependency Syntax: Theory and Practice}, 
    PUBLISHER = {State University of New York Press}, 
    SERIES = {SUNY Linguistics Series}, 
    ADDRESS = {Albany}, 
    YEAR = {1988}}
@INCOLLECTION{melcuk:case,
    AUTHOR = {Mel'\v{c}uk, Igor},
    TITLE = {Toward a definition of case},
    BOOKTITLE = {Case in Slavic},
    EDITOR = {Brecht, R.~D. AND Levine, J.~S.},
    PUBLISHER = {Slavica Publishers},
    ADDRESS = {Columbus, Ohio},
    YEAR = {1986},
    PAGES = {35 -- 85}}
@BOOK{melcuk:morphologie,
    AUTHOR = {Mel'\v{c}uk, Igor},
    TITLE = {Cours de Morphologie G\'e\-n\'e\-rale. (General Morphology. A 
	Coursebook)},
    VOLUME = {1 -- 5},
    PUBLISHER = {Les Presses de l'Universit\'e de Montr\'eal},
    YEAR = {2000}}
@ARTICLE{meyer:model,
    AUTHOR = {Meyer, A.~R.},
    TITLE = {What is a model of the lambda calculus?},
    JOURNAL = {Information and Control},
    VOLUME = {52},
    YEAR = {1982},
    PAGES = {87 -- 122}}
@PHDTHESIS{michaelis:minimalism,
    AUTHOR = {Michaelis, Jens},
    TITLE = {On {F}ormal {P}roperties of {M}inimalist {G}rammars},
    SERIES = {Linguistics in Potsdam},
    NUMBER = {13},
    SCHOOL = {Universit\"at Potsdam},
    YEAR = {2001}}
@INPROCEEDINGS{michaeliskracht:semilinearity,
    AUTHOR = {Michaelis, Jens AND Kracht, Marcus},
    TITLE = {Semilinearity as a Syntactic Invariant},
    BOOKTITLE = {Logical Aspects of Computational Linguistics
        (LACL '96)}, EDITOR = {Retor\'e, Christian},
    SERIES = {Lecture Notes in Computer Science},
    NUMBER = {1328},
    PUBLISHER = {Springer},
    ADDRESS = {Heidelberg},
    YEAR = {1997},
    PAGES = {329 -- 345}}
@INCOLLECTION{michaelis:lacl98,
	AUTHOR = {Micha{\/}elis, Jens},
	TITLE = {Derivational Minimalism is Mildly Context--Sensitive},
	EDITOR = {Moortgat, Michael},
	BOOKTITLE = {Logical Aspects of Computational Linguistics
             (LACL '98)\emph{, Lecture Notes in Artificial Intelligence
             Vol.\,2014}},
	PUBLISHER = {Springer},
	PAGES = {179--198},
	YEAR = {2001},
	ADDRESS = {Berlin, Heidelberg}}
@INCOLLECTION{michaelis:lacl01,
	AUTHOR = {Micha{\/}elis, Jens},
	TITLE = {Transforming Linear Context--Free Rewriting Systems into
	         Minimalist Grammars},
	EDITOR = {de Groote, Philippe AND Morrill, Glyn AND Retor{\'e}, 
		Christian},
	BOOKTITLE = {Logical Aspects of Computational Linguistics
             (LACL '01)\emph{, Lecture Notes in Artificial Intelligence
             Vol.\,2099}},
	PUBLISHER = {Springer},
	PAGES = {228--244},
	YEAR = {2001},
	ADDRESS = {Berlin, Heidelberg}}
@INPROCEEDINGS{michaelis_wartena:fg97,
  AUTHOR = {Micha{\/}elis, Jens and Wartena, Christian},
  TITLE = {How Linguistic Constraints on Movement Conspire to Yield
           Languages Analyzable With a Restricted Form of {LIGs}},
  BOOKTITLE = {Proceedings of the Conference on Formal Grammar (FG
               '97), \emph{Aix en Provence}},
  PAGES = {158--168},
  YEAR = {1997}}
@INCOLLECTION{michaelis_wartena:csli-ligs,
  AUTHOR = {Jens Micha{\/}elis and Christian Wartena},
  TITLE = {{LIG}s with Reduced Derivation Sets},
  BOOKTITLE = {Constraints and Resources in Natural Language 
	Syntax and Semantics},
  EDITOR = {Bouma, Gosse AND Kruijff, Geert{--}Jan~M. AND Hinrichs, 
	Erhard AND Oehrle, Richard~T.},
  PUBLISHER = {CSLI Publications},
  ADDRESS = {Stanford, CA},
  PAGES = {263--279},
  YEAR = {1999}}
@ARTICLE{miller:scandinavian, 
    AUTHOR = {Miller, Philip H.}, 
    TITLE = {{S}candinavian {E}xtraction {P}henomena {R}evisited: 
	{W}eak and {S}trong {G}enerative {C}apacity}, 
    JOURNAL = {Linguistics and Philosophy}, 
    VOLUME = {14}, 
    YEAR = {1991}, 
    PAGES = {101 -- 113}}
@BOOK{miller:capacity,
    AUTHOR = {Miller, Philip H.},
    TITLE = {Strong Generative Capacity. The Semantics of
        Linguistic Formalisms},
        PUBLISHER = {CSLI},
    ADDRESS = {Stanford},
    YEAR = {1999}}
@INCOLLECTION{mitchell:type,
    AUTHOR = {Mitchell, J.~C.},
    TITLE = {Type Systems for Programming Languages},
    BOOKTITLE = {Handbook of Theoretical Computer Science,
        Vol B. Formal Models and Semantics},
    EDITOR = {van Leeuwen, Jan},
    PUBLISHER = {Elsevier Science Publishers},
    ADDRESS = {Amsterdam},
    YEAR = {1990},
    PAGES = {365 -- 458}}
@INCOLLECTION{moennich:cloning,
    AUTHOR = {M\"onnich, Uwe},
    TITLE = {On cloning context--freeness},
    BOOKTITLE = {The Mathematics of Sentence Structure. Trees and
        their Logics},
    EDITOR = {Kolb, Hans--Peter AND M\"onnich, Uwe},
    SERIES = {Studies in Generative Grammar},
    NUMBER = {44},
    PUBLISHER = {Mouton de Gruyter},
    ADDRESS = {Berlin},
    YEAR = {1999},
    PAGES = {195 -- 229}}
@BOOK{monk:logic, 
	AUTHOR = {Monk, Donald J.}, 
	TITLE = {Mathematical Logic}, 
	PUBLISHER = {Springer}, 
	ADDRESS = {Berlin, Heidelberg}, 
	YEAR = {1976}}
@ARTICLE{monk:cylindric,
    AUTHOR = {Monk, Donald J.},
    TITLE = {Nonfinitizabilitity of classes of representable
        cylindric algebras},
    JOURNAL = {Journal of Symbolic Logic},
    VOLUME = {34},
    YEAR = {1969},
    PAGES = {331 -- 343}}
@INCOLLECTION{moortgat:discontinuous,
    AUTHOR = {Moortgat, Michael},
    TITLE = {Generalized quantifiers and discontinuous
        type constructors},
    BOOKTITLE = {Discontinuous Constituency},
    EDITOR = {Sijtsma, W. AND van Horck, A.},
    PUBLISHER = {Mouton de Gruyter},
    ADDRESS = {Berlin},
    YEAR = {1993}}
@ARTICLE{morrillcarpenter:compositionality,
    AUTHOR = {Morrill, Glyn AND Carpenter, Bob},
    TITLE = {Compositionality, {I}mplicational {L}ogics and
        {T}heories of {G}rammar},
    JOURNAL = {Linguistics and Philosophy},
    VOLUME = {13},
    YEAR = {1990},
    PAGES = {383 -- 392}}
@BOOK{morrill:type,
    AUTHOR = {Morrill, Glyn V.},
    TITLE = {Type Logical Grammar. Categorial Logic of Signs},
    PUBLISHER = {Kluwer Academic Publishers},
    ADDRESS = {Dordrecht},
    YEAR = {1994}}
@INPROCEEDINGS{moschovakis:sense,
    AUTHOR = {Moschovakis, Yannis},
    TITLE = {Sense and denotation as algorithm and value},
    EDITOR = {Oikkonen, Juha AND V\"a\"an\"anen, Jouko},
    BOOKTITLE = {Proceedings of the ASL Meeting 1990, Helsinki},
    SERIES = {Lecture Notes in Logic},
    NUMBER = {2},
    PUBLISHER = {Springer},
    ADDRESS = {Berlin and Heidelberg},
    YEAR = {1994},
    PAGES = {210 -- 249}}
@PHDTHESIS{munn:coordination,
    AUTHOR = {Munn, Alan B.},
    TITLE = {Topics in the {S}yntax and {S}emantics
        of {C}oordinate {S}tructures},
    SCHOOL = {University of Maryland},
    YEAR = {1993}}
@INCOLLECTION{muskensvanbenthemvisser:dynamics,
    AUTHOR = {Muskens, Reinhard AND van Benthem, Johan
        AND Visser, Albert},
    TITLE = {Dynamics},
    EDITOR = {van Benthem, Johan AND ter Meulen, Alice},
    BOOKTITLE = {Handbook of Logic and Language},
    PUBLISHER = {Elsevier},
    ADDRESS = {Amsterdam},
    YEAR = {1997},
    PAGES = {587 -- 648}}
@ARTICLE{mycielski:equational, 
    AUTHOR = {Mycielski, J.}, 
    TITLE = {Equational treatment of first--order logic}, 
    JOURNAL = {Algebra Universalis}, 
    VOLUME = {33}, 
    YEAR = {1995}, 
    PAGES = {26 -- 39}}
@TECHREPORT{myhill:lba,
    AUTHOR = {Myhill, John},
    TITLE = {Linear bounded automata},
    SERIES = {WADD Technical Note 57--624},
    INSTITUTION = {Wright--Patterson Air Force Base},
    YEAR = {1960}}
@BOOK{nagl:graph,
    AUTHOR = {Nagl, Manfred},
    TITLE = {Graph--Grammatiken. Theorie, Implementierungen,
        Anwendungen. (Graph--Grammars. Theory, Implementation, Applications.)},
    PUBLISHER = {Vieweg Verlag},
    ADDRESS = {Braunschweig und Wiesbaden},
    YEAR = {1979}}
@BOOK{nordlinger:case,
    AUTHOR = {Nordlinger, Rachel},
    TITLE = {Constructive Case. Evidence from Australian Languages.},
    SERIES = {CSLI Dissertations in Linguistics},
    PUBLISHER = {CSLI},
    ADDRESS = {Stanford},
    YEAR = {1998}}
@ARTICLE{ogden:helpful, 
	AUTHOR = {Ogden, R.~W.}, 
	TITLE = {A helpful result for proving inherent ambiguity}, 
	JOURNAL = {Mathematical Systems Sciences}, 
	VOLUME = {2}, 
	YEAR = {1968}, 
	PAGES = {191 -- 194}}
@ARTICLE{ogdenrosswinkelmann:interchange, 
	AUTHOR = {Ogden, R. AND Ross, R.~J. AND Winkelmann, K.}, 
	TITLE = {An ``{I}nterchange {L}emma'' for {C}ontext {F}ree 
		{L}anguages}, 
	JOURNAL = {SIAM Journal of Computing}, 
	VOLUME = {14}, 
	YEAR = {1985}, 
	PAGES = {410 -- 415}}
@ARTICLE{ojeda:precedence,
    AUTHOR = {Ojeda, Almerindo E.},
    TITLE = {A {L}inear {P}recedence {A}ccount of
        {C}ross--{S}erial {D}ependencies},
    JOURNAL = {Linguistics and Philosophy},
    VOLUME = {11},
    YEAR = {1988},
    PAGES = {457 -- 492}}
@ARTICLE{parikh:semilinear,
    AUTHOR = {Parikh, Rohit},
    TITLE = {Language generating devices},
    JOURNAL = {MIT Research Laboratory of Electronics
        Quarterly Progress Report},
    VOLUME = {60},
    YEAR = {1961},
    PAGES = {199 -- 212}}
@BOOK{parteetermeulenwall,
    AUTHOR = {Partee, Barbara H. AND ter Meulen, Alice AND
        Wall, Robert E.},
    TITLE = {Mathematical {M}ethods in {L}inguistics},
    PUBLISHER = {Kluwer Academic Publishers},
    ADDRESS = {Dordrecht},
    YEAR = {1987}}
@ARTICLE{pentus:lambek,
    AUTHOR = {Pentus, Mati},
    TITLE = {{P}roduct--{F}ree {L}ambek--{C}alculus and
        {C}ontext--{F}ree {G}rammars},
    JOURNAL = {Journal of Symbolic Logic},
    VOLUME = {62},
    YEAR = {1997},
    PAGES = {648 -- 660}}
@ARTICLE{pentus:models,
    AUTHOR = {Pentus, Mati},
    TITLE = {Models for the {L}ambek calculus},
    JOURNAL = {Annals of Pure and Applied Logic},
    VOLUME = {75},
    YEAR = {1995},
    PAGES = {179 -- 213}}
@ARTICLE{petersritchie:base,
    AUTHOR = {Peters, Stanley P. AND Ritchie, R.~W.},
    TITLE = {On restricting the base component of transformational
        grammars},
    JOURNAL = {Information and Control},
    VOLUME = {18},
    YEAR = {1971},
    PAGES = {483 -- 501}}
@PHDTHESIS{pierrehumbert:intonation, 
    AUTHOR = {Pierrehumbert, Janet}, 
    TITLE = {The {P}honology and {P}honetics of {E}nglish {I}ntonation}, 
    SCHOOL = {MIT}, 
    YEAR = {1980}}
@ARTICLE{petersritchie:power,
    AUTHOR = {Peters, Stanley P. AND Ritchie, R.~W.},
    TITLE = {On the generative power of transformational
        grammars},
    JOURNAL = {Information Sciences},
    VOLUME = {6},
    YEAR = {1973},
    PAGES = {49 -- 83}}
@INCOLLECTION{pigozzi:fregean,
    AUTHOR = {Pigozzi, Don J.},
    TITLE = {Fregean {A}lgebraic {L}ogic},
    EDITOR = {Andr\'eka, Hajnal AND Monk, Donald AND
        N\'emeti, Istv\'an},
    BOOKTITLE = {Algebraic Logic},
    SERIES = {Colloquia Mathematika Societatis J\'anos Bolyai},
    NUMBER = {54},
    PUBLISHER = {J\'anos Bolyai Matematikai T\'arsulat and
        North--Holland},
    ADDRESS = {Budapest/Amsterdam},
    YEAR = {1991},
    PAGES = {475 -- 504}}
@ARTICLE{pigozzisalibra:vb,
    AUTHOR = {Pigozzi, Don AND Salibra, Antonino},
    TITLE = {The {A}bstract {V}ariable--{B}inding {C}alculus},
    JOURNAL = {Studia Logica},
    VOLUME = {55},
    YEAR = {1995},
    PAGES = {129 -- 179}}
@PHDTHESIS{pogodalla:reseaux, 
    AUTHOR = {Pogodalla, Sylvain}, 
    TITLE = {R\'eseaux de preuve et g\'en\'eration pour les grammaires 
	de type logiques. (Proof nets and generation for type logical 
	grammars)}, 
    SCHOOL = {Institut National Polytechnique de Lorraine}, 
    YEAR = {2001}}
@PHDTHESIS{pollard:head,
    AUTHOR = {Pollard, Carl J.},
    TITLE = {Generalized Phrase Structure Grammar, Head
        Grammars and Natural Language},
    SCHOOL = {Stanford University},
    YEAR = {1984}}
@BOOK{pollardsag:hpsg1,
    AUTHOR = {Pollard, Carl AND Sag, Ivan},
    TITLE = {Information--{B}ased {S}yntax and {S}emantics. Vol.~1},
    SERIES = {Lecture Notes},
    NUMBER = {13},
    PUBLISHER = {CSLI},
    ADDRESS = {Stanford},
    YEAR = {1987}}
@BOOK{pollardsag:hpsg,
    AUTHOR = {Pollard, Carl AND Sag, Ivan},
    TITLE = {Head--Driven Phrase Structure Grammar},
    PUBLISHER = {The University of Chicago Press},
    ADDRESS = {Chicago},
    YEAR = {1994}}
@TECHREPORT{portodell:voicing, 
    AUTHOR = {Port, R.~F. AND O'Dell, M.~L.}, 
    TITLE = {Neutralization of syllable--final voicing in {G}erman}, 	
    SERIES = {Research in Phonetics}, 
    NUMBER = {4}, 
    INSTITUTION = {Indiana University, Bloomington}, 
    YEAR = {1985}}
@ARTICLE{post:combinatory,
    AUTHOR = {Post, Emil L.},
    TITLE = {Finite combinatory processes -- formulation},
    JOURNAL = {Journal of Symbolic Logic},
    VOLUME = {1},
    YEAR = {1936},
    PAGES = {103 -- 105}}
@ARTICLE{post:formal, 
    AUTHOR = {Post, Emil L.}, 
    TITLE = {Formal reductions of the combinatorial decision problem}, 
    JOURNAL = {Americal Journal of Mathematics}, 
    VOLUME = {65}, 
    YEAR = {1943}, 
    PAGES = {197 -- 215}}
@ARTICLE{post:thue,
    AUTHOR = {Post, Emil L.},
    TITLE = {Recursive unsolvability of a problem of {T}hue},
    JOURNAL = {Journal of Symbolic Logic},
    VOLUME = {11},
    YEAR = {1947},
    PAGES = {1 -- 11}}
@BOOK{postal:constituent,
    AUTHOR = {Postal, Paul}, 
    TITLE = {{C}onstituent {S}tructure: {A} {S}tudy of {C}ontemporary 
	{M}odels of {S}yntax}, 
    PUBLISHER = {Mouton}, 
    ADDRESS = {The Hague}, 
    YEAR = {1964}}
@ARTICLE{prucnalwronski,
    AUTHOR = {Prucnal, T. AND Wro\'{n}ski, A.},
    TITLE = {An algebraic characterization of the notion
        of structural completeness},
    JOURNAL = {Bulletin of Section Logic of the Polish
        Academy of Sciences},
    VOLUME = {3},
    YEAR = {1974},
    PAGES = {20 -- 33}}
@ARTICLE{quine:variables,
    AUTHOR = {Quine, Willard van Orman},
    TITLE = {Variables explained away},
    JOURNAL = {Proceedings of American Philosophical Society},
    VOLUME = {104},
    YEAR = {1960},
    PAGES = {343 -- 347}}
@ARTICLE{radzinski:number,
    AUTHOR = {Radzinski, Daniel},
    TITLE = {Chinese {N}umber {N}ames, {T}ree {A}djoining
        {L}anguages, and {M}ild {C}ontext--{S}ensitivity},
    JOURNAL = {Computational Linguistics},
    VOLUME = {17},
    YEAR = {1991},
    PAGES = {277 -- 299}}
@ARTICLE{radzinski:copying,
    AUTHOR = {Radzinski, Daniel},
    TITLE = {{U}nbounded {S}yntactic {C}opying in {M}andarin
        {C}hinese},
    JOURNAL = {Linguistics and Philosophy},
    VOLUME = {13},
    YEAR = {1990},
    PAGES = {113 -- 127}}
@PHDTHESIS{rambow:formal,
    AUTHOR = {Rambow, Owen},
    TITLE = {Formal and Computational Aspects of Natural
        Language Syntax},
    SCHOOL = {University of Pennsylvania},
    YEAR = {1994}}
@BOOK{recanati:oratio, 
    AUTHOR = {Recanati, Fran\c{c}ois}, 
    TITLE = {Oratio Obliqua, Oratio Recta. An Essay on 
		Metarepresentation}, 
    PUBLISHER = {MIT Press}, 
    ADDRESS = {Cambridge (Mass.)},
    YEAR = {2000}}
@BOOK{revesz:formal,
    AUTHOR = {R\'{e}v\'{e}sz, Gy\"{o}rgy E.},
    TITLE = {Introduction to Formal Languages},
    PUBLISHER = {McGraw--Hill},
    ADDRESS = {New York},
    YEAR = {1985}}
@PHDTHESIS{richter:hpsg,
    AUTHOR = {Richter, Frank},
    TITLE = {A {M}athematicsal {F}ormalism for {L}inguistic
        {T}heories with an {A}pplication in {H}ead--{D}riven
        {P}hrase {S}tructure {G}rammar},
    SCHOOL = {Universit\"at T\"ubingen},
    YEAR = {2000}}
@INCOLLECTION{roach:87,
	AUTHOR = {Roach, Kelly},
	TITLE = {Formal Properties of Head Grammars},
	BOOKTITLE = {Mathematics of Language},
	PUBLISHER = {John Benjamins},
	ADDRESS = {Amsterdam},
	EDITOR = {Manaster{--}Ramer, Alexis},
	YEAR = {1987},
	PAGES = {293-347}}
@PHDTHESIS{rogers:mso, 
	AUTHOR = {Rogers, James}, 
	TITLE = {Studies in the {L}ogic of {T}rees  with {A}pplications 
		to {G}rammar {F}ormalisms},
	SCHOOL = {University of Delaware, Department of Computer 
		\& Information Sciences}, 
	YEAR = {1994}}
@ARTICLE{rounds:ptime,
    AUTHOR = {Rounds, William C.},
    TITLE = {{LFP}: {A} {L}ogic for {L}inguistic
        {D}escription and an {A}nalysis of its {C}omplexity},
    JOURNAL = {Computational Linguistics},
    VOLUME = {14},
    YEAR = {1988},
    PAGES = {1 -- 9}}
@ARTICLE{russell:denoting,
    AUTHOR = {Russell, Bertrand},
    TITLE = {On denoting},
    JOURNAL = {Mind},
    VOLUME = {14},
    YEAR = {1905},
    PAGES = {479 -- 493}}
@ARTICLE{russell:strawson,
    AUTHOR = {Russell, Bertrand},
    TITLE = {Mr.~{S}Strawson on referring},
    JOURNAL = {Mind},
    VOLUME = {66},
    YEAR = {1957},
    PAGES = {385 -- 389}}
@INCOLLECTION{sainthompson:scheme,
    AUTHOR = {Sain, Ildik\'{o} AND Thompson, Richard S.},
    TITLE = {Finite {S}chema {A}xiomatization of
        {Q}uasi--{P}olyadic {A}lgebras},
    EDITOR = {Andr\'eka, Hajnal AND Monk, Donald AND
        N\'emeti, Istv\'an},
    BOOKTITLE = {Algebraic Logic},
    SERIES = {Colloquia Mathematika Societatis J\'anos Bolyai},
    NUMBER = {54},
    PUBLISHER = {J\'anos Bolyai Matematikai T\'arsulat and
        North--Holland},
    ADDRESS = {Budapest/Amsterdam},
    YEAR = {1991},
    PAGES = {539 -- 571}}
@BOOK{salomaa:formal,
    AUTHOR = {Salomaa, Arto K.},
    TITLE = {Formal Languages},
    PUBLISHER = {Academic Press},
    ADDRESS = {New York},
    YEAR = {1973}}
@BOOK{vandersandt:presupposition,
    AUTHOR = {van der Sandt, Rob A.},
    TITLE = {Context and Presupposition},
    PUBLISHER = {Croom Helm},
    ADDRESS = {London},
    YEAR = {1988}}
@ARTICLE{vandersandt:anaphora,
    AUTHOR = {van der Sandt, Rob A.},
    TITLE = {Presupposition as anaphora resolution},
    JOURNAL = {Journal of Semantics},
    VOLUME = {9},
    YEAR = {1992},
    PAGES = {333 -- 377}}
@BOOK{desaussure:grundfragen,
    AUTHOR = {Saussure, Ferdinand de},
    TITLE = {Course in General Linguistics},
    PUBLISHER = {McGraw--Hill},
    ADDRESS = {Columbus, Ohio},
    YEAR = {1965}}
@BOOK{sauvageot:edification, 
    AUTHOR = {Sauvageot, Aur\'{e}lien}, 
    TITLE = {L'{E}dification de la {L}angue {H}ongroise. (The building of 
	the Hungarian language)},
    PUBLISHER = {Klincksieck}, 
    ADDRESS = {Paris}, 
    YEAR = {1971}}
@INCOLLECTION{savitch:sensitive,
    AUTHOR = {Savitch, Walter J.},
    TITLE = {Context--{S}ensitive {G}rammar and {N}atural
        {L}anguage {S}yntax},
    BOOKTITLE = {The {F}ormal {C}omplexity of {N}atural {L}anguage},
    EDITOR = {Savitch, Walter AND Bach, Emmon AND Marsch,
        William AND Safran--Naveh, Gila},
    PUBLISHER = {Reidel},
    ADDRESS = {Dordrecht},
    YEAR = {1987},
    PAGES = {358 -- 368}}
@ARTICLE{schoenfinkel:bausteine,
    AUTHOR = {Sch\"onfinkel, Moses},
    TITLE = {{\"U}ber die {B}austeine der ma\-the\-ma\-ti\-schen 
	{L}ogik. ({O}n the building blocks of mathematical logic)},
    JOURNAL = {Mathematische Annalen},
    VOLUME = {92},
    YEAR = {1924},
    PAGES = {305 -- 316}}
@INCOLLECTION{schweiger:suffixaufnahme,
    AUTHOR = {Schweiger, Fritz},
    TITLE = {Suffixaufnahme and {R}elated {C}ase {M}arking
        {P}atterns in {A}ustralian {L}anguages},
    EDITOR = {Plank, Frans},
    BOOKTITLE = {Double Case. Agreement by Suffixaufnahme},
    PUBLISHER = {Oxford University Press},
    YEAR = {1995},
    PAGES = {339 -- 362}}
@BOOK{segerberg:operators,
        AUTHOR = {Segerberg, Krister},
        TITLE = {Classical Propositional Operators},
        SERIES = {Oxford Logic Guides},
        NUMBER = {5},
        PUBLISHER =  {Oxford University Press},
        YEAR = {1982}}
@ARTICLE{seki,
    AUTHOR = {Seki, Hiroyuki AND Matsumura, Takashi AND
        Fujii, Mamoru AND Kasami, Tadao},
    TITLE = {On multiple context--free grammars},
    JOURNAL = {Theoretical Computer Science},
    VOLUME = {88},
    YEAR = {1991},
    PAGES = {191 -- 229}}
@INPROCEEDINGS{sestier:contributions,
    AUTHOR = {Sestier, A.},
    TITLE = {Contributions \`{a} une th\'{e}orie ensembliste
        des classifications linguistiques. ({C}ontributions to a 
	set--theoretical theory of classifications)},
    BOOKTITLE = {Actes du Ier Congr\`{e}s de l'AFCAL},
    ADDRESS = {Grenoble},
    YEAR = {1960},
    PAGES = {293 -- 305}}
@ARTICLE{shieber:evidence,
    AUTHOR = {Shieber, Stuart},
    TITLE = {Evidence against the {C}ontext--{F}reeness of
        {N}atural {L}anguages},
    JOURNAL = {Linguistics and Philosophy},
    VOLUME = {8},
    YEAR = {1985},
    PAGES = {333 -- 343}}
@BOOK{shieber:constraint,
    AUTHOR = {Shieber, Stuart},
    TITLE = {Constraint--{B}ased {G}rammar {F}ormalisms},
    PUBLISHER = {MIT Press},
    ADDRESS = {Cambridge (Mass.)},
    YEAR = {1992}}
@BOOK{smullyan:formal, 
    AUTHOR = {Smullyan, Raymond M.},
    TITLE = {Theory of Formal Systems}, 
    SERIES = {Annals of Mathematics Studies}, 
    NUMBER = {47}, 
    PUBLISHER = {Princeton University Press}, 
    ADDRESS = {Princeton, New Jersey}, 
    YEAR = {1961}}
@BOOK{smullyan:mocking, 
    AUTHOR = {Smullyan, Raymond M.}, 
    TITLE = {To Mock a Mocking Bird}, 
    PUBLISHER = {Knopf}, 
    ADDRESS = {New York}, 
    YEAR = {1985}}
@ARTICLE{soames:presupposition,
    AUTHOR = {Soames, Scott},
    TITLE = {How presuppositions are inherited: {A} solution
        to the projection problem},
    JOURNAL = {Linguistics Inquiry},
    VOLUME = {10},
    YEAR = {1982},
    PAGES = {483 -- 545}}
@BOOK{staal:sanskrit,
    AUTHOR = {Staal, J.~F.},
    TITLE = {Word Order in Sanskrit and Universal Grammar},
    PUBLISHER = {Reidel},
    SERIES = {Foundations of Language, Supplementary Series No.~5},
    ADDRESS = {Dordrecht},
    YEAR = {1967}}
@INPROCEEDINGS{stabler:minimalism,
    AUTHOR = {Stabler, Edward P.},
    TITLE = {Derivational {M}inimalism},
    BOOKTITLE = {Logical Aspects of Computational Linguistics
        (LACL '96)},
    EDITOR = {Retor\'{e}, Christian},
    SERIES = {Lecture Notes in Artificial Intelligence},
    NUMBER = {1328},
    PUBLISHER = {Springer},
    ADDRESS = {Heidelberg},
    YEAR = {1997},
    PAGES = {68 -- 95}}
@BOOK{stechowsternefeld,
    AUTHOR = {von Stechow, Arnim AND Sternefeld, Wolfgang},
    TITLE = {Bausteine syntaktischen Wissens. Ein Lehrbuch der
        generativen Grammatik. ({B}uilding blocks of syntactic knowledge. 
	A textbook of generative grammar)},
    PUBLISHER = {Westdeutscher Verlag},
    ADDRESS = {Opladen},
    YEAR = {1987}}
@ARTICLE{steedman:gapping,
    AUTHOR = {Steedman, Mark},
    TITLE = {Gapping as Constituent Coordination},
    JOURNAL = {Linguistics and Philosophy},
    VOLUME= {13},
    YEAR = {1990},
    PAGES = {207 -- 263}}
@BOOK{steedman:surface,
    AUTHOR = {Steedman, Mark},
    TITLE = {Surface Structure and Interpretation},
    PUBLISHER = {MIT Press},
    ADDRESS = {Cambridge, Massachussetts},
    SERIES = {Linguistic Inquiry Monographs},
    NUMBER = {30},
    YEAR = {1996}}
@BOOK{steedman:process, 
    AUTHOR = {Steedman, Mark}, 
    TITLE = {The Syntactic Process}, 
    PUBLISHER = {MIT Press}, 
    ADDRESS = {Cambridge (Mass.)}, 
    YEAR = {2000}}
@ARTICLE{strawson:referring,
    AUTHOR = {Straswon, Peter},
    TITLE = {On referring},
    JOURNAL = {Mind},
    VOLUME = {59},
    YEAR = {1950},
    PAGES = {320 -- 344}}
@INCOLLECTION{tarski:truth,
    AUTHOR = {Tarski, Alfred},
    TITLE = {The concept of truth in formalized languages},
    EDITOR = {Corcoran, J.},
    BOOKTITLE = {Logic, Semantics, Metamathematics},
    PUBLISHER = {Hackett Publishing},
    ADDRESS = {Indianapolis},
    YEAR = {1983},
    PAGES = {152 -- 178}}
@BOOK{tesniere:elements, 
	AUTHOR = {Tesni\`ere, Lucien},
	TITLE = {El\'ements de syntaxe structurale. (Elements of structural 
		syntax)},
	PUBLISHER = {Klincksieck},
	ADDRESS = {Paris},
	EDITION = {4},
	YEAR = {1982}}
@ARTICLE{thatcherwright,
    AUTHOR = {Thatcher, J.~W. AND Wright, J.~B.},
    TITLE = {Generalized finite automata theory with an
        application to a decision problem of second--order
        logic},
    JOURNAL = {Mathematical Systems Theory},
    VOLUME = {2},
    YEAR = {1968},
    PAGES = {57 -- 81}}
@ARTICLE{thue:zeichenreihen,
    AUTHOR = {Thue, Axel},
    TITLE = {Probleme \"uber {V}er\"anderungen von {Z}ei\-chen\-rei\-hen 
    	nach gegebenen {R}egeln. ({P}roblems concerning changing strings 
	according to given rules)},
    JOURNAL = {Skrifter utgit av Videnskapsselkapet i Kristiania,
        {I}. Mathematisk--naturvidenskabelig klasse},
    VOLUME = {10},
    YEAR = {1914}}
@ARTICLE{trakhtenbrodt:finite, 
	AUTHOR = {Trakht\'enbrodt, B.~A.}, 
	TITLE = {N\'evozmo\v{z}nost' algorifma dl\'a probl\'emy 
		razr\'e\v{s}imosti na kon\'e\v{c}nyh klassah. 
		({I}mpossibility of an algorithm for the decision problem 
		of finite classes)}, 
	JOURNAL = {Doklady Akad\'emii Nauk SSSR}, 
	VOULME = {70},
	YEAR = {1950},
	PAGES = {569 -- 572}}
@ARTICLE{turing:computable,
    AUTHOR = {Turing, Alan M.},
    TITLE = {On computable numbers, with an application to the
        {E}ntscheidungsproblem},
    JOURNAL = {Proceedings of the London Mathematical Society},
    VOLUME = {42},
    YEAR = {1936},
    PAGES = {230 -- 265}}
@BOOK{uszkoreit:german,
    AUTHOR = {Uszkoreit, Hans},
    TITLE = {Word {O}rder and {C}onstituent {S}tructure in {G}erman},
    SERIES = {CSLI Lecture Notes},
    NUMBER = {8},
    PUBLISHER = {CSLI},
    YEAR = {1987}}
@BOOK{vaught:set,
    AUTHOR = {Vaught, Robert L.},
    TITLE = {Set Theory. An Introduction},
    PUBLISHER = {Birkh\"auser},
    ADDRESS = {Basel},
    EDITION = {2},
    YEAR = {1995}}
@PHDTHESIS{veltman:conditionals,
    AUTHOR = {Veltman, Frank},
    TITLE = {Logics for Conditionals},
    SCHOOL = {Department of Philosophy, University of Amsterdam},
    YEAR = {1985}}
@INCOLLECTION{vennemann:drift,
    AUTHOR = {Vennemann, Theo},
    TITLE = {An explanation of drift},
    EDITOR = {Li, C.~N.},
    BOOKTITLE = {Word Order and Word Order Change},
    PUBLISHER = {University of Texas Press},
    ADDRESS = {Austin and London},
    YEAR = {1975},
    PAGES = {269 -- 305}}
@ARTICLE{vermeulen:mystery,
    AUTHOR = {Vermeulen, Kees F. M.},
    TITLE = {Merging without Mystery or: Variables in Dynamic Semantics},
    JOURNAL = {Journal of Philosophical Logic},
    VOLUME = {24},
    YEAR = {1995},
    PAGES = {405 -- 450}}
@ARTICLE{vermeulenvisser,
    AUTHOR = {Visser, Albert AND Vermeulen, Kees F.~M.},
    TITLE = {Dynamic bracketing and discourse representation},
    JOURNAL = {Notre Dame Journal of Formal Logic},
    VOLUME = {37},
    YEAR = {1996},
    PAGES = {321 -- 365}}
@INPROCEEDINGS{shanker-weir-joshi:coling86,
    AUTHOR = {Vijay{--}Shanker, K. AND Weir, David~J. AND Joshi, 
	Aravind~K.},
    TITLE = {Tree Adjoining and Head Wrapping},
    BOOKTITLE = {Proceedings of the 11th International Conference on
               {C}omputational {L}inguistics ({COLING} '86)\emph{,
               Bonn}},
    YEAR = {1986},
    PAGES = {202--207}}
@PHDTHESIS{vjay-shanker:phd,
  AUTHOR = {Vijay{--}Shanker, K.},
  TITLE =  {A Study of Tree Adjoining Grammars},
  SCHOOL = {University of Pennsylvania},
  ADDRESS = {Philadelphia, PA},
  YEAR =   {1987}}
@INPROCEEDINGS{vijay-weir-joshi:LCFRS,
    AUTHOR = {Vijay--Shanker, K. AND Weir, David J. AND Joshi,
        Aravind},
    TITLE = {Characterizing structural descriptions produced
        by various grammar formalisms},
    BOOKTITLE = {Proceedings of the 25th Meeting of the
        Association for Computational Linguistics ({ACL} '87)\emph{,
	Stanford, CA}},
    YEAR = {1987},
    PAGES = {104 -- 111}}
@INPROCEEDINGS{vijay-shankerweir:polynomial,
    AUTHOR = {Vijay--Shanker, K. AND Weir, David J.},
    TITLE = {Polynomial Time Parsing of Combinatory Categorial 
		Grammars}, 
    BOOKTITLE = {Proceedings of the 28th Annual Meeting of the
        Association for Computational Linguistics, Pittsburgh},
    YEAR = {1990}}
@INPROCEEDINGS{villemonte:parsing, 
 	AUTHOR = {Villemonte de la Clergerie, Eric}, 
        TITLE =  {Parsing {MCS} {L}anguages with {T}hread {A}utomata},
        BOOKTITLE = {Proceedings of the Sixth International Workshop 
	   on Tree Adjoining Grammars and Related Formalisms (TAG+6),
		\emph{Venezia}}, 
	YEAR = {2002}}
@INPROCEEDINGS{villemonte:mcfg, 
	AUTHOR = {Villemonte de la Clergerie, Eric}, 
        TITLE = {Parsing mildly context--sensitive languages 
		with thread automata},
        BOOKTITLE = {Proceedings of the 19th International 
		Conference on Computational Linguistics 
	(COLING 02)\emph{, Taipei}}, 
	YEAR = {2002}}
@PHDTHESIS{wartena:storage,
    AUTHOR = {Wartena, Christian},
    TITLE = {Storage {S}tructures and {C}onditions on {M}ovement in
        {N}atural {L}anguage {S}yntax},
    SCHOOL = {Institut f\"ur allgemeine Sprachwissenschaft,
        Universit\"at Potsdam},
    YEAR = {1999}}
@BOOK{wechsler:argument,
    AUTHOR = {Stephen Wechsler},
    TITLE = {The Semantic Basis of Argument Structure},
    SERIES = {Dissertations in Linguistics},
    PUBLISHER = {CSLI Publications},
    ADDRESS = {Stanford},
    YEAR = {1995}}
@INPROCEEDINGS{weir-shanker-joshi:acl86,
  AUTHOR = {Weir, David~J. AND Vijay{--}Shanker, K. AND Joshi, 
	Aravind~K.},
  TITLE = {The Relationship Between Tree Adjoining Grammars and Head 
	Grammars},
  BOOKTITLE = {24th {A}nnual {M}eeting of the {A}ssociation for
               {C}omputational {L}inguistics ({ACL} '86)\emph{,
               New York, NY}},
  PUBLISHER = {ACL},
  YEAR = {1986},
  PAGES = {67--74}}
@PHDTHESIS{weir:phd,
	AUTHOR = {Weir, David~J.},
	TITLE =  {Characterizing {M}ildly {C}ontext--{S}ensitive {G}rammar
          {F}ormalisms},
	SCHOOL = {University of Pennsylvania},
	ADDRESS = {Philadelphia, PA},
	YEAR = {1988}}
@ARTICLE{westerstahl:compositionality,
    AUTHOR = {Westerst{\aa}hl, Dag},
    TITLE = {{O}n {M}athematical {P}roofs of the {V}acuity of
        {C}ompositionality},
    JOURNAL = {Linguistics and Philosophy},
    VOLUME = {21},
    YEAR = {1998},
    PAGES = {635 -- 643}}
@BOOK{wojcicki:calculi,
        AUTHOR = {W\'{o}jcicki, Ryszard},
        TITLE = {Theory of Logical Calculi},
        PUBLISHER = {Kluwer},
        ADDRESS = {Dordrecht},
        YEAR = {1988}}
@ARTICLE{younger:cfg,
    AUTHOR = {Younger, D.~H.},
    TITLE = {Recognition and parsing of context--free languages in
        time $n^3$},
    JOURNAL = {Information and Control},
    VOLUME = {10},
    YEAR = {1967},
    PAGES = {189 -- 208}}
@ARTICLE{zadrozny:compositionality,
    AUTHOR = {Zadrozny, Wlodek},
    TITLE = {From {C}ompositional {S}emantics to {S}ystematic
        {S}emantics},
    JOURNAL = {Linguistics and Philosophy},
    VOLUME = {17},
    YEAR = {1994},
    PAGES = {329 -- 342}}
@ARTICLE{zimmermann:meaning,
    AUTHOR = {Zimmermann, Thomas Ede},
    TITLE = {Meaning {P}ostulates and the {M}odel--{T}heoretic
        {A}pproach to {N}atural {L}anguage {S}emantics},
    JOURNAL = {Linguistics and Philosophy},
    VOLUME = {22},
    YEAR = {1999},
    PAGES = {529 -- 561}}
